3144 4826
820 319 863 387 48

254 536 354 600 sopra
389 515 544 595 vidimus3
579 518 693 597 itaque
727 515 937 600 intelligimus
961 535 1033 584 eum
1069 516 1214 582 consulto
1251 518 1293 582 ab
1329 517 1425 583 huius

254 623 448 690 narratione
471 623 657 690 recessisse.

343 731 395 796 Ad
433 731 521 796 hanc
559 728 743 812 opinionem
783 731 985 812 probandam
1032 728 1160 797 aceedit
1198 734 1424 812 argumentum

256 837 392 922 petitum
419 855 459 903 ex
483 839 623 919 ratione,
648 855 712 917 qua
736 836 932 904 Aristoteles
968 838 1009 904 de
1035 836 1233 904 factionibus
1256 837 1425 904 reconcili-

254 944 348 1012 andis
371 945 531 1028 exposuit.
577 944 758 1024 Postquam
795 944 880 1010 enim
915 945 955 1009 de
990 943 1186 1010 decemviris
1220 943 1424 1032 uarr·avit¹):

254 1055 298 1132 ἐφ’
323 1047 360 1116 ὧν
394 1056 496 1133 συνέβη
519 1053 569 1112 καὶ
592 1048 644 1122 τὰς
666 1047 810 1122 διαλύσεις
832 1055 970 1132 γενέσθαι
994 1055 1043 1112 καὶ
1075 1053 1230 1112 κατελθεῖν
1252 1047 1302 1112 τὸν
1325 1055 1424 1134 δῆμον,

254 1179 317 1226 non
343 1159 534 1243 simpliciter
550 1176 716 1241 exponere
732 1157 841 1243 pergit
865 1159 979 1226 horum
995 1158 1140 1228 virorum
1157 1158 1294 1226 consilia
1309 1165 1425 1240 postea

253 1267 452 1334 Pausaniam
476 1267 643 1334 adiuvisse
668 1272 701 1331 et
725 1267 768 1331 ad
791 1266 888 1332 finem
913 1266 1119 1350 perduxisse,
1144 1266 1201 1332 sed
1229 1265 1260 1332 vi
1283 1266 1422 1347 quadam

254 1376 462 1458 praedicauit
484 1371 684 1440 Pausaniam
706 1391 770 1439 nou
794 1379 961 1440 auctorem
997 1374 1056 1442 sed
1090 1372 1273 1441 adiutorem
1297 1377 1425 1438 tautum

255 1481 358 1548 inisse
381 1483 417 1547 in
440 1479 610 1563 placandis
634 1479 754 1546 civium
779 1480 913 1546 animis:
952 1477 1030 1544 οὗτοι
1061 1478 1116 1562 γὰρ
1151 1485 1235 1556 πρίν
1267 1503 1305 1540 ιι
1329 1485 1425 1540 Πιο-

255 1592 386 1649 οανίαν
424 1589 643 1665 ἀφικέσθαι
682 1591 871 1664 διεπέμποντο
910 1585 983 1668 πρὸς
1020 1586 1087 1659 τοὺς
1125 1593 1153 1648 ἐν
1191 1593 1330 1668 Πειραιεῖ
1364 1589 1424 1646 καὶ

256 1695 496 1774 ἀφικομένου
519 1691 786 1755 σονεσποῦδασαν
809 1691 859 1772 τὴν
882 1692 1020 1760 κάθοδον.
1067 1696 1119 1762 Ex
1149 1692 1332 1761 sententiae
1360 1691 1424 1758 for-

255 1805 394 1868 matione
429 1800 593 1884 colligitur
627 1801 783 1884 redargui
820 1818 876 1867 eos
909 1801 965 1884 qui
999 1800 1108 1867 omnia
1143 1801 1203 1867 soli
1237 1799 1425 1867 Pausaniae

255 1909 369 1974 deberi
391 1907 621 1991 opinarentur:
646 1907 680 1975 id
703 1907 809 1992 ipsum
834 1911 919 1990 quod
943 1910 1029 1992 apud
1052 1906 1300 1991 Xenophontem
1323 1908 1424 1975 latius

255 2015 470 2098 explanatum
506 2014 688 2103 legiensi).
736 2016 853 2098 itaque
889 2025 925 2083 ut
959 2016 1012 2082 hic
1047 2021 1186 2099 apparet
1209 2014 1424 2081 Aristotelem

254 2122 463 2206 Xenophonti
486 2141 558 2190 csse
578 2125 772 2206 oblocutum‚
797 2129 943 2190 secutum
968 2142 1039 2190 esse
1055 2121 1303 2204 Androtionem,
1328 2141 1423 2203 quem

255 2229 296 2294 de
320 2228 515 2296 decemviris
538 2228 604 2294 illis
628 2229 816 2312 exposuisse
839 2229 976 2316 suprai)
1008 2230 1159 2314 vidimus
1195 2229 1243 2294 ita
1267 2227 1365 2295 etiam
1389 2229 1423 2294 in

253 2337 522 2403 antecedentibus
547 2335 682 2402 similem
707 2339 869 2402 rationem
893 2335 1097 2402 intercedere
1120 2343 1311 2403 statuemus.

341 2441 558 2509 Pervenimus
582 2441 737 2508 adfinem
758 2441 882 2524 primae
905 2441 1020 2527 partis,
1046 2445 1174 2524 quade
1201 2444 1249 2509 rei
1273 2442 1424 2526 publicae

254 2548 392 2615 historia
415 2549 539 2631 agitur3
563 2567 636 2614 uam
661 2547 695 2613 in
719 2567 810 2630 capp.
834 2548 876 2615 40
901 2557 935 2616 et
957 2546 999 2614 41
1025 2568 1108 2631 qnae
1131 2556 1260 2616 restant
1283 2569 1349 2615 nou
1373 2561 1424 2616 est

255 2657 340 2738 quod
369 2655 611 2721 examinemus:
647 2653 680 2720 iu
713 2655 769 2721 illo
805 2655 913 2738 capite
937 2657 1134 2724 Aristoteles
1170 2675 1211 2722 ex
1234 2656 1424 2723 Atthidibus

254 2769 399 2845 sumptas
411 2762 437 2848 4)
476 2761 574 2828 affert
612 2781 666 2827 res
705 2770 879 2829 accuratas
925 2783 997 2830 cum
1035 2763 1134 2831 venia
1171 2763 1424 2845 praeteritorum

255 2869 414 2936 communi
452 2870 684 2953 cohaerentes,
723 2870 755 2935 in
796 2871 858 2937 hoc
889 2871 1019 2954 proprio
1058 2869 1177 2937 iudicio
1216 2872 1258 2937 ad
1296 2869 1424 2936 initium

254 2995 425 3060 regressus
447 2983 550 3043 totum
576 2995 682 3042 rerum
707 2997 836 3045 cursum
860 2985 955 3043 acute
979 2979 1164 3059 complexus
1188 2985 1247 3044 est.

343 3085 458 3165 itaque
483 3103 541 3150 nos
567 3103 694 3166 quoque
718 3087 760 3151 ad
783 3083 911 3150 initium
942 3084 1046 3150 libelli
1080 3085 1251 3151 redeamus
1286 3086 1329 3151 ad
1352 3103 1424 3166 per-

255 3193 419 3256 censenda
445 3209 484 3256 ea
509 3210 591 3272 quae
615 3191 660 3257 ibi
695 3193 835 3258 noudum
871 3198 1033 3274 temptata
1068 3191 1265 3274 reliquimus.
1314 3192 1424 3272 Atque

255 3315 338 3378 quae
362 3296 425 3364 fati
448 3297 574 3366 invidia
611 3297 747 3381 periisse
782 3299 945 3380 dolemus,
982 3298 1167 3366 summatim
1202 3298 1425 3364 tantummodo

254 3423 446 3488 percurrere
468 3405 578 3489 liceat,
603 3405 681 3486 quia
704 3425 816 3488 parum
834 3405 959 3472 fructus
981 3405 1057 3473 inde
1074 3405 1263 3490 percipitur.
1301 3407 1424 3471 Fontes

254 3511 435 3578 uberrimos
459 3530 553 3578 nemo
578 3513 716 3595 negabit
748 3513 850 3579 fuisse
876 3512 1035 3600 Atthides,
1072 3532 1153 3594 quas
1186 3509 1424 3593 antiquissimis

253 3617 318 3685 illis
341 3617 543 3702 temporibus
566 3638 716 3704 magnam
742 3619 919 3687 navavisse
936 3639 1066 3704 operam
1085 3623 1202 3687 docent
1225 3619 1421 3700 fragmenta.

345 3777 642 3847 hemmam

344 3867 366 3934 Ἰ)
385 3867 455 3922 Xen.
475 3867 545 3922 Holl.
564 3869 594 3926 Π
612 3869 636 3937 3,
656 3868 771 3925 29-38.

344 3938 366 4008 ³)
386 3955 465 4009 supra
482 3955 507 4008 p.
527 3941 599 4009 41f2.

343 4029 364 4097 ⁴)
382 4028 512 4083 Pecuniae
537 4029 637 4083 debitas
656 4028 761 4101 publice
780 4045 839 4084 essa
866 4031 979 4085 redditas
1005 4029 1074 4096 (Ἀθ.
1093 4030 1152 4086 πολ,
1171 4049 1196 4102 p.
1216 4033 1258 4100 44,
1279 4031 1360 4098 1-6)
1379 4031 1423 4085 alii

254 4134 358 4189 quoque
377 4121 650 4173 commemoraverunt
663 4120 696 4173 oi.
711 4119 863 4175 Xeu.Hell.
874 4123 904 4177 II
922 4121 947 4188 4,
967 4121 1016 4192 285
1034 4119 1265 4192 Isocr.VlI‚68l9;
1284 4120 1423 4175 Demosth.

255 4206 310 4260 XX
331 4207 400 4278 1122,
419 4207 494 4261 cuius
513 4208 608 4268 verba:
626 4208 679 4262 τῶν
698 4205 726 4261 δὲ
743 4209 846 4262 τοῦτο
864 4209 999 4280 πρῶτον
1015 4208 1166 4280 ὑπάρξαι
1183 4209 1240 4278 τῆς
1258 4210 1424 4279 ὁμονοίας

256 4295 398 4364 σημεῖον
425 4294 565 4358 ἄξιοίντοιν
583 4298 734 4367 conspirant
760 4316 821 4354 oum
849 4302 891 4356 eis
910 4315 977 4367 quaa
998 4298 1152 4356 adsumes
1171 4300 1256 4354 dedit:
1283 4291 1425 4367 ἡγούμενοι

255 4384 329 4439 τοῖτο
347 4385 450 4456 πρῶτον
469 4382 557 4456 ἄρχειν
576 4382 630 4439 δεῖν
647 4387 692 4444 εἷς
710 4389 841 4457 ὁμονοίας.
