3144 4826
745 255 786 320 19

659 347 872 358 ——...—.-

177 455 340 532 spectant.
387 450 484 518 Hunc
507 453 593 518 enim
617 450 813 518 Aristoteles
837 451 1065 536 appellaverat
1098 453 1239 532 ἐρωτικόν,
1274 452 1348 520 ideo

175 554 306 624 seilicet
329 555 404 638 quia
427 555 515 623 infra
539 557 580 623 de
603 557 698 624 huius
723 576 794 624 cnm
811 558 991 625 Harmodio
1016 577 1127 626 amore
1143 560 1348 643 expositurus

174 671 265 732 erat:
290 667 430 744 ἐρασθείς
453 661 507 745 γὰρ
530 675 582 726 τοῦ
600 664 754 745 Ἁρμοδίου
777 670 833 730 ari.

269 772 384 853 ltaque
407 777 517 838 notam
549 771 772 838 narrationem
796 772 997 855 Thucydidis
1028 775 1083 854 qui
1106 773 1186 860 bid)
1210 776 1347 842 eandam

174 897 246 948 rem
271 877 430 948 tractavit
453 878 666 946 Aristotelem
691 885 839 945 secutum
863 897 936 945 esse
959 879 1101 946 vidimus
1125 887 1158 946 et
1180 881 1234 947 hic
1257 885 1346 948 etin

174 984 322 1068 reliquis.
357 986 504 1068 Uterque
532 985 617 1052 enim
642 987 778 1052 eandem
804 985 1038 1053 coniurationis
1067 1005 1197 1054 causam
1221 988 1348 1070 profert

175 1093 267 1180 (Th.:
292 1098 323 1156 δέ
343 1091 478 1174 ἐρωτικὴν
501 1092 661 1174 ξυντυχίαυ;
685 1091 793 1160 Arist:
817 1097 958 1173 ἐρασθείς
985 1102 1035 1156 τοῦ
1054 1094 1236 1182 Ἁρμοδιόυ);
1259 1099 1347 1179 apud

175 1207 353 1282 utrumque
376 1199 516 1286 legimus
541 1199 651 1268 caedis
675 1209 827 1267 auctores
851 1201 885 1266 in
909 1201 1022 1284 primis
1046 1221 1160 1270 sorore
1176 1205 1345 1272 Harmodii

174 1304 349 1391 repudiata
372 1309 587 1375 exacerbatos
623 1325 694 1374 esse
718 1308 793 1394 (Th.
818 1308 875 1373 Vl.
905 1306 963 1373 ὅθι
1003 1308 1132 1390 ἀδελφὴν
1166 1309 1220 1392 γὰρ
1255 1313 1346 1374 αὐτοῦ

175 1413 264 1496 κόρην
286 1418 508 1498 ἐπαγγείλαντες
531 1414 607 1496 ἧκαν
627 1427 732 1478 κανοῦν
755 1416 894 1478 οίσουσαν
917 1422 947 1477 ἐν
970 1427 1072 1497 πομπῇ
1094 1440 1155 1490 τινι,
1180 1416 1344 1498 ἀπήλασαν,

174 1524 306 1604 χαλεπᾶς
327 1523 357 1584 δὲ
382 1519 543 1604 ἐνεγκόντος
564 1533 615 1586 τοῦ
633 1523 851 1604 Ἁρμοδίου...
876 1521 985 1589 Arist:
1008 1525 1169 1602 μέλλουσαν
1185 1527 1275 1588 αὐτοῦ
1298 1525 1346 1605 τὴν

175 1628 304 1710 ἀδελφὴν
326 1643 499 1711 κανηφορεῖν
524 1634 748 1709 Παναθηναίοις
772 1627 910 1692 ἐκώλυσεν
929 1680 963 1696 ..
996 1625 1068 1692 ὅθεν
1084 1635 1186 1714 συνέβη
1208 1633 1345 1713 παροξυν-

177 1737 333 1825 θέντα..)

265 1846 338 1930 Qua
365 1863 403 1911 re
430 1843 642 1912 Harmodium
672 1851 705 1912 et
728 1843 987 1928 Aristogitonem
1016 1845 1184 1912 consilium
1216 1847 1343 1931 cepisse

176 1951 420 2020 Panathenaeis
459 1951 798 2036 appropinquantibus
840 1959 998 2034 tyrannos
1040 1952 1218 2020 ulciscendi
1252 1954 1342 2040 (Τίνι

175 2063 341 2140 περιέμενον
365 2057 582 2139 Παναθήναια·
616 2059 723 2126 Arist:
765 2055 816 2140 ἤδη
838 2059 868 2120 δὲ
892 2070 1125 2142 παρατηροῦντες
1157 2073 1218 2132 τοῖς
1241 2067 1342 2123 Πανα-

176 2170 309 2246 θηναίοις
328 2169 457 2252 Ἱππίαι)
486 2168 552 2234 Sed
576 2186 647 2234 cum
672 2167 706 2232 in
731 2165 942 2246 coluissent,
978 2171 1015 2232 ut
1050 2166 1218 2234 consilium
1250 2186 1342 2234 exse-

175 2280 361 2358 querentur,
379 2273 653 2342 animadvertisse
670 2293 726 2341 eos
739 2272 940 2341 coniuratum
954 2275 1115 2356 quendam
1132 2293 1206 2341 oum
1219 2273 1340 2358 Hippia

173 2381 410 2463 colloquentem
445 2380 582 2464 ideoque
617 2400 741 2449 summo
777 2387 866 2448 metu
901 2399 975 2448 esse
1009 2379 1153 2466 affectos,
1193 2399 1234 2448 ne
1269 2387 1340 2448 tota

173 2489 323 2556 machina
351 2495 439 2556 esset
461 2487 631 2572 patefacta
666 2488 753 2574 ('lh.:
790 2492 838 2550 καὶ
862 2488 898 2560 ὡς
923 2487 999 2552 εἶδόν
1021 2511 1083 2550 τινα
1099 2499 1153 2552 τῶν
1176 2488 1340 2567 ξυνωμοτῶν

172 2599 259 2674 σφίσι
274 2593 474 2678 διαλεγόμενον
490 2599 600 2667 οἰκείως
614 2607 655 2674 τῷ
664 2599 773 2674 Ἱππίᾳ,
786 2593 901 2658 ἔδεισαν
916 2601 968 2659 καὶ
981 2593 1115 2676 ἐνόμισαν
1137 2605 1340 2676 μιμηνόσθαι;

172 2705 278 2770 Arist:
317 2701 425 2774 ἰδόντες
457 2702 521 2765 τινὰ
554 2713 609 2766 τῶν
643 2701 850 2766 κοινωνούντων
882 2715 931 2783 τῆς
964 2701 1096 2784 πράξεως
1123 2703 1339 2784 φιλανθρώπως

171 2809 375 2892 ἐντυγχάνοντα
387 2814 537 2889 τῷἹππίιρ
553 2815 601 2872 καὶ
615 2814 784 2890 νομίσαντες
797 2808 911 2890 μηνύειν
923 2858 929 2872 .
943 2857 950 2871 .
964 2810 985 2897 .)
1008 2811 1059 2876 De
1074 2809 1147 2893 ipsa
1158 2809 1339 2894 Hipparchi

171 2919 273 2984 caede
289 2917 496 3002 Thucydides
513 2918 674 3002 copiosius
690 2919 774 2986 libro
791 2917 847 2997 VI,
872 2915 915 2984 57
931 2915 1047 3000 refert3
1072 2918 1128 2986 sed
1141 2915 1337 2986 Aristoteles

172 3024 276 3092 artius
294 3044 328 3092 se
345 3026 388 3092 ad
403 3025 542 3092 alterum
558 3025 692 3114 locum2)
709 3024 890 3110 applicasse
905 3025 1044 3107 videtur,
1063 3024 1118 3091 nbi
1134 3043 1187 3092 res
1204 3025 1336 3096 brevius

172 3139 342 3200 narratur:

278 3239 352 3306 ‘Aa
376 3241 451 3306 πολ.
474 3259 503 3321 p.
528 3239 579 3314 19,
603 3238 623 3307 9
962 3240 1147 3324 Thucyd.

170 3343 342 3427 βουλόμενοί
378 3370 405 3408 τι
443 3351 549 3426 δρᾶσαι
587 3346 644 3428 πρό
681 3360 730 3428 τῆς
778 3346 944 3430 βουλόμενοι
979 3349 1010 3410 di
1043 3351 1109 3430 apio
1139 3345 1336 3427 ξυλληφθῆναι

171 3451 341 3533 cristianam
607 3453 729 3534 τὸνμὲν
778 3451 938 3536 δρόσαντές
968 3479 993 3516 τι
1022 3457 1070 3515 καὶ
1098 3458 1284 3526 κινδυνεῦσαι,
1300 3467 1340 3530 τῷ

165 3557 324 3642 Ἵππαρχον
777 3561 925 3644 Ἱππάρχῳ
960 3557 1154 3644 περιτυχόντες
1187 3559 1269 3640 παρὰ
1304 3559 1337 3622 τὸ

170 3671 383 3746 θιανιοσμοόντα
413 3665 463 3748 τὴν
498 3664 613 3746 πομπὴν
647 3666 727 3742 παρὰ
778 3668 957 3748 Λεωκόρειον
973 3667 1145 3748 καλούμενοι
1164 3665 1214 3747 τὴν
1236 3673 1334 3729 Πανα-

170 3771 204 3836 τὸ
226 3771 407 3856 Λεωκόρειον
431 3773 608 3842 ἀπέκτειναν.
777 3772 918 3856 &multip
927 3772 1043 3856 πομπὴν
1055 3779 1256 3853 διακοσμοῦντι
1269 3774 1336 3836 ἀπί-

777 3905 898 3950 mimi.

277 3989 368 4074 Quae
391 3989 512 4058 deinde
541 3987 806 4060 interlectoribus
841 4000 1034 4078 evenerunt,
1063 3995 1199 4074 uterque
1233 3986 1336 4058 refert

170 4095 242 4162 iero
275 4098 397 4164 eisdem
421 4098 540 4168 vorbis.
587 4099 637 4166 De
660 4097 839 4170 Harmodio
864 4098 1089 4186 Thucydides:
1132 4093 1283 4178 Ἁρμόδιον
1305 4095 1334 4158 a

261 4241 282 4308 ¹)
301 4239 380 4296 Thac.
399 4239 420 4306 l,
441 4239 475 4296 20
493 4245 520 4294 ot
539 4240 586 4306 Vl,
605 4239 639 4298 64
658 4255 715 4310 sqq.

259 4329 282 4400 ¹)
299 4327 379 4384 Thac.
399 4329 419 4398 l,
437 4327 479 4386 20.
1145 4403 1177 4456 P
