3144 4826
820 285 864 356 28

734 381 946 392 m

346 484 471 572 Quibus
504 487 603 555 rebus
626 486 782 569 expositis
805 486 1000 552 Aristoteles
1035 486 1079 552 ad
1108 486 1340 552 commutatum
1375 475 1425 546 rei

257 593 406 678 publicae
429 597 553 662 statum
587 591 837 660 describendum
860 610 1034 676 aggressus
1070 597 1121 659 est
1142 589 1183 678 (o.
1207 590 1315 677 XXI).
1361 587 1448 690 Hic!

257 719 340 784 quae
363 705 494 784 praesto
510 705 583 786 erat
595 699 757 766 Herodoti
772 700 976 766 adumbratio
989 701 1012 786 ¹)
1036 699 1258 766 tantummodo
1274 693 1423 764 breviter

255 827 325 876 rem
348 807 503 895 tetigit2).
549 808 617 875 Sed
649 807 743 890 plura
769 805 941 873 Atthidum
973 807 1150 890 scriptores
1173 801 1363 890 praebuisse
1386 802 1424 864 ut

255 915 444 984 coniectura
462 915 664 996 assequimur
686 914 733 982 ita
757 933 838 995 quae
861 915 955 981 nobis
979 918 1111 983 seruata
1134 917 1210 981 sunt
1233 911 1424 994 fragmenta

255 1041 450 1105 quamquam
473 1021 669 1104 paucissima
692 1023 827 1088 docent:
852 1020 1051 1088 Olitodemus
1074 1019 1108 1086 in
1141 1022 1242 1086 tertio
1265 1015 1424 1085 Atthidos

254 1129 338 1198 libro
362 1133 402 1197 de
426 1129 663 1213 quinquaginta
678 1127 861 1195 naucrariis
886 1127 1089 1196 aOlisthene
1105 1127 1295 1193 constitutis
1318 1122 1423 1192 verbo

254 1237 385 1324 focit³);
409 1237 570 1305 Androtio
593 1239 628 1304 in
652 1239 795 1304 secundo
819 1236 975 1304 Atthides
998 1235 1082 1302 libro
1116 1235 1245 1302 rettulit
1279 1229 1323 1296 ὅτι
1359 1229 1424 1291 decl

253 1356 307 1408 τῶν
323 1349 508 1428 νωλακριυῶν
523 1352 552 1410 οἱ
566 1347 725 1408 ἀποδέκται
742 1342 800 1408 ὑπὸ
814 1347 1015 1415 Κλεισθένους
1030 1339 1289 1425 ἄνιεδείχθησαν4).
1319 1335 1424 1402 Vides

252 1453 325 1522 illos
366 1471 419 1520 res
457 1452 538 1520 satis
573 1451 708 1520 subtiles
743 1453 941 1536 praebuisse.
1002 1451 1069 1518 Sed
1117 1448 1192 1532 quia
1228 1447 1313 1514 haec
1350 1442 1425 1526 ipsa

254 1579 336 1642 quae
360 1561 403 1626 ad
425 1579 484 1627 nos
506 1562 729 1642 pervenerunt
753 1560 841 1642 apud
856 1559 1069 1625 Aristotelem
1093 1576 1158 1625 non
1180 1555 1322 1636 invenis,
1348 1567 1421 1617 eum

251 1669 367 1733 horum
390 1666 584 1750 scriptorum
608 1665 731 1732 nullam
765 1664 919 1732 habuisse
952 1663 1111 1731 rationem
1146 1682 1228 1732 cave
1263 1656 1421 1728 conicias.

253 1775 355 1842 Immo
378 1775 504 1842 illarum
529 1793 640 1840 rerum
664 1773 920 1856 Atthidographi
954 1771 1132 1839 afferuntm·
1156 1773 1319 1851 auctores,
1345 1761 1423 1846 quia

252 1882 341 1966 apud
363 1881 575 1949 Aristotelem
607 1901 672 1948 non
706 1882 870 1967 leguntur,
905 1881 1051 1964 reliquae
1086 1899 1169 1962 quas
1202 1878 1256 1944 hio
1292 1887 1422 1958 quoque

252 1989 355 2055 habet
378 1991 437 2056 sub
460 1989 555 2056 huius
585 1988 715 2056 nomine
749 1994 967 2060 conservatae
990 1997 1075 2055 sunt.
1123 1986 1218 2070 Quod
1244 1987 1329 2052 bene
1352 1978 1423 2046 illu·

252 2100 376 2162 stratur
391 2095 503 2165 verbis
527 2115 609 2178 quae
630 2097 717 2178 aqud
732 2097 885 2163 Photium
909 2114 932 2162 s.
955 2117 987 2165 v.
1011 2097 1172 2176 ναυκραρία
1196 2097 1338 2159 exstant.
1370 2081 1422 2154 Ibi

252 2203 541 2272 commentationes
564 2223 635 2271 oum
648 2202 836 2270 Aristotelis
859 2209 927 2269 tum
943 2200 1124 2280 Clitodemi
1150 2201 1205 2280 qui
1227 2193 1420 2266 nominatim

251 2310 466 2392 appellantur,
502 2315 536 2376 et
568 2310 709 2378 fortasse
745 2310 883 2377 oliorum
918 2327 1044 2390 quoque
1078 2306 1420 2391 Atthidographorum

247 2415 483 2484 confluxerunt.
529 2418 685 2502 Legimus
709 2417 794 2484 enim
817 2417 917 2483 baec:
956 2414 989 2480 τὸ
1019 2413 1160 2498 πρόαρον
1184 2411 1275 2486 οὕτως
1299 2409 1420 2477 ἐκάλουν

248 2527 423 2606 (ναυκραρία
460 2529 510 2587 καὶ
543 2524 732 2609 (ναύκραρυςῖ
778 2527 940 2607 ναυκραρίυι
971 2526 1023 2604 μὲν
1051 2521 1152 2588 ὁποῖόν
1178 2545 1206 2584 τι
1229 2549 1247 2603 η
1270 2521 1419 2602 συμμορία

245 2635 295 2694 καὶ
317 2637 333 2695 ὃ
358 2637 455 2712 δῆμον.
503 2635 612 2714 Atque
639 2633 798 2717 ίσυμμορία
818 2636 1026 2716 comparatur
1051 2651 1091 2700 ex
1108 2629 1280 2698 Glitodemi
1297 2631 1417 2704 mente,

245 2756 339 2818 quem
373 2737 458 2806 haec
493 2740 557 2806 duo
589 2738 741 2806 instituto
775 2739 993 2821 composuisse
1026 2738 1164 2804 Photius
1198 2739 1296 2820 paulo
1331 2732 1419 2802 infra

243 2847 430 2930 testatur5),
457 2847 562 2928 ‘oppos’
588 2845 775 2929 appellatur
798 2846 973 2914 secundum
991 2843 1243 2931 Aristotelem).
1289 2841 1419 2912 Deinde

244 2990 457 3000 -—-—-.-...-.

333 3075 353 3144 ¹)
372 3076 435 3135 Hdt.
455 3078 480 3132 V
499 3078 542 3135 66.
561 3081 604 3136 69.

331 3165 352 3234 ²)
370 3166 542 3223 Aristotelem
560 3168 690 3226 Herodoti
718 3173 913 3240 expositionem
940 3170 1039 3238 legisse
1057 3171 1185 3228 vidimus.
1221 3169 1322 3223 damen
1347 3163 1417 3220 tacet

242 3255 275 3309 de
293 3271 420 3324 pagorum
439 3273 558 3324 numero,
586 3274 746 3327 quamquam
773 3261 820 3316 ille
839 3261 1003 3318 Clisthenem
1030 3261 1137 3314 centum
1163 3261 1315 3317 instituisse
1334 3269 1414 3328 pagos

241 3345 382 3400 tradidisse
401 3347 508 3401 videtur
527 3346 570 3416 (V,
590 3347 637 3402 69:
657 3343 718 3399 δέκα
736 3368 763 3400 τε
783 3346 815 3415 δὴ
834 3348 981 3420 φυλάρχους
1000 3347 1058 3402 ἀντὶ
1075 3350 1201 3420 τεσσέρων
1220 3347 1331 3416 ἐποίησε,
1352 3345 1414 3400 δέκα

242 3429 269 3484 δὲ
287 3437 332 3485 καὶ
349 3433 408 3489 τοὺς
427 3430 523 3503 δήμους
536 3436 675 3503 κατένεμεν
690 3433 714 3492 ἐς
727 3437 775 3493 τὰς
789 3437 977 3508 potionisque
992 3439 1133 3506 de‘jhorum
1146 3435 1412 3511 numerosposteriori

240 3524 321 3578 aetati
331 3522 400 3579 nihil
409 3527 573 3593 compertum
585 3525 670 3580 fuisse
685 3528 712 3580 et
730 3526 818 3580 locum
836 3527 914 3584 illum
928 3529 1108 3583 Herodoteum
1124 3531 1295 3598 iampridem
1314 3547 1330 3584 a
1349 3525 1412 3581 vids

240 3612 324 3668 doctis
342 3614 372 3668 in
390 3615 573 3682 suspicionem
591 3617 714 3668 vocatum
733 3632 803 3670 nuno
829 3619 910 3674 etiam
931 3619 1081 3676 Aristotelis
1106 3619 1214 3676 silentio
1232 3616 1411 3692 Quondemnari

240 3701 371 3769 probatur.

331 3789 350 3859 8)
369 3790 482 3849 Plotius
500 3808 521 3846 s.
541 3810 565 3850 v.
585 3794 832 3864 νυυιιραριάτΟΙίῒοδ·Ι
852 3798 900 3866 frg‚
920 3798 937 3852 8
956 3799 993 3854 M.

327 3880 348 3946 ⁴)
368 3881 494 3950 Harpocr.
514 3898 535 3938 s.
555 3899 582 3938 v.
602 3880 837 3942 ἀποδέκταινΑηδΓ.
861 3887 909 3956 frg.
928 3891 945 3944 3
964 3889 1001 3943 M.

328 3967 348 4038 ὅ)
368 3967 541 4040 ὃΚλεέδημος
560 3970 588 4024 ἐν
605 3973 637 4044 τῇ
654 3974 728 4044 τρίτῃ
741 3976 826 4041 φησίν,
841 3967 880 4028 δτι
891 3975 1069 4034 Κλεισθένους
1086 3975 1147 4030 δέκα
1161 3977 1243 4047 φυλὰς
1254 3979 1410 4048 ποιήσαντος

239 4054 297 4108 ἀντὶ
314 4057 366 4108 τῶν
383 4052 522 4127 τεσυυίριυν,
552 4062 643 4130 συνέβη
662 4068 707 4115 καὶ
729 4058 765 4119 εἰς
782 4059 943 4131 πεντήκοντα
967 4068 1032 4138 μέρη
1051 4065 1214 4138 διαταγῇυαι,
1234 4067 1326 4124 αὐτοὺς
1354 4067 1407 4132 (Μί

237 4145 329 4213 ταῦτα)
355 4142 384 4198 δέ
409 4141 517 4202 iudicor
535 4154 743 4223 ναυκραρέαυ
762 4195 767 4207 .
789 4193 795 4208 .
822 4146 909 4228 ὥσπερ
927 4155 974 4208 νῦν
992 4151 1028 4212 εἷς
1046 4156 1138 4210 ἑκατὸν
1155 4159 1221 4231 μέρη
1240 4157 1408 4232 διαιρεθέντα

238 4232 347 4287 καλοῦσι
365 4240 556 4310 συμμορίας.

326 4323 347 4396 ⁰)
365 4342 391 4395 p.
412 4326 454 4394 23,
474 4329 508 4386 19
527 4330 560 4386 K.
579 4332 624 4388 W.
