3144 4826
782 285 820 350 bl

220 485 404 562 φέρουσι
438 482 471 544 uo'
505 503 535 544 se
573 477 664 560 ὄνομα
698 491 749 544 τοῦ
782 484 951 554 τέλους...
976 486 1024 543 καὶ
1057 479 1094 542 τὰ
1129 481 1308 562 ἀναθήματα
1330 493 1385 544 τῶν

218 589 355 670 ἀρχαίων,
381 593 414 654 ct
437 605 521 669 quae
545 606 644 671 supra
654 587 681 674 ¹)
705 605 777 656 cum
800 589 925 655 duobus
948 588 998 655 his
1021 588 1101 656 locis
1114 587 1382 672 comparavimus.

218 695 256 762 In
280 694 395 777 quibus
418 693 505 762 inest
527 713 659 777 prorsus
684 695 797 762 eadem
820 694 1074 778 argumentandi
1096 694 1192 779 ratio,
1216 701 1253 761 ut
1276 695 1384 764 omnia

217 802 397 870 abeodem
421 811 556 870 auctore
579 820 652 870 essa
676 800 823 884 prolecta
847 799 1001 868 conicias.
1047 801 1094 868 Et
1116 802 1145 868 si
1167 801 1383 887 Atthidogra·
1494 851 1497 858 ,

216 907 298 991 phoa
321 908 554 990 examinamus,
577 907 612 975 in
635 908 747 992 primis
770 908 902 975 videtur
919 909 1078 976 Androtio
1095 909 1211 994 dignus
1235 926 1316 990 asse,
1340 909 1383 974 ad

217 1033 309 1098 quam
332 1017 416 1082 haec
438 1013 641 1082 referantur:
666 1033 742 1082 nam
766 1033 840 1082 eum
863 1013 1047 1097 priusquam
1071 1016 1115 1082 ud
1138 1033 1219 1100 opus
1242 1014 1382 1082 conscri-

215 1123 356 1188 bendum
379 1121 619 1206 aggrederetur
643 1139 767 1188 summa
783 1119 946 1188 industria
962 1119 1157 1204 populiscitu
1173 1120 1382 1206 exscripsisse

215 1229 387 1312 omniaque
409 1231 526 1312 quibos
550 1227 600 1296 uti
623 1239 732 1312 posset
764 1227 995 1312 perquisivisse
1028 1248 1069 1296 ex
1101 1229 1149 1296 eis
1173 1228 1381 1312 consequitur

215 1354 300 1420 quae
324 1354 423 1420 supra
446 1335 597 1403 vidimus.

257 1461 352 1528 Etsi
375 1469 466 1529 recte
489 1461 572 1528 haec
596 1462 638 1528 ad
653 1460 889 1528 Androtionem
913 1459 1093 1539 reddimus,
1119 1461 1284 1544 colligitur
1307 1479 1379 1529 eum

213 1569 345 1650 saepius
369 1567 532 1651 propriam
555 1575 702 1636 secutum
726 1569 846 1652 viam2)
870 1573 987 1634 contra
1009 1567 1206 1650 reliquorum
1229 1567 1380 1636 Atthido·

213 1675 408 1758 graphorum
443 1677 654 1744 traditionem
689 1675 828 1743 stetisse.
876 1674 1073 1758 Quibuscum
1107 1674 1271 1742 consentit
1305 1675 1379 1742 Plu-

213 1781 357 1864 tarchus,
393 1781 503 1862 quiin
526 1781 598 1850 vita
621 1781 686 1849 Sol.
712 1801 738 1847 c.
766 1781 807 1848 15
840 1789 955 1865 aperte
990 1782 1119 1848 rettulit
1142 1781 1377 1850 Androtionem

213 1905 285 1954 cum
320 1887 431 1970 luisse,
467 1887 522 1969 qui
555 1888 589 1954 in
618 1887 744 1956 Solonis
780 1887 1022 1970 constitutione,
1058 1907 1154 1972 quam
1190 1887 1380 1970 σεισάχθειαν

212 2001 341 2078 vocant,
365 1995 615 2078 interpretanda
638 1995 835 2062 senteutiam
866 1993 1040 2078 protulisse
1063 2015 1085 2062 a
1107 1993 1272 2078 plerisque
1295 1994 1378 2079 (scil.

212 2101 498 2188 Atthidograplris)
521 2121 655 2186 prorsus
679 2103 853 2172 diversam.
900 2101 991 2186 Quae
1014 2120 1086 2168 cum
1110 2101 1158 2168 ita
1181 2101 1255 2185 sint,
1280 2103 1377 2170 edam

211 2209 300 2278 illum
323 2209 428 2276 locum
452 2227 548 2291 qoem
576 2209 713 2296 suprul)
747 2211 781 2276 in
816 2208 922 2276 medio
957 2208 1149 2290 reliquimus
1183 2210 1226 2276 ad
1249 2211 1378 2280 Andro-

210 2315 331 2384 tiouem
354 2315 553 2398 referamus3
588 2335 663 2382 nam
697 2315 751 2382 hic
774 2333 901 2398 quoque
926 2334 1010 2396 quae
1035 2313 1142 2398 „lusor‘
1168 2314 1378 2382 tradiderunt

210 2430 415 2506 opponuntur
452 2423 638 2490 sententiae
681 2423 879 2506 reliquorum
918 2422 1274 2506 Atthidographorum‚
1321 2422 1377 2502 qui

208 2533 377 2612 ,dppcocmol‘
401 2530 618 2614 appellantur.

296 2653 348 2720 De
363 2651 499 2735 reliquis
522 2654 619 2720 rebus
635 2671 718 2734 quae
741 2661 799 2720 aut
821 2654 883 2720 hoc
906 2663 963 2721 aut
987 2659 1145 2736 sequente
1169 2651 1275 2735 eapite
1298 2673 1373 2722 cou-

208 2759 356 2828 tinentur
390 2759 600 2828 coniecturae
634 2759 815 2842 pericolum
851 2759 960 2827 subire
994 2779 1058 2828 non
1093 2761 1260 2828 audemus.
1304 2759 1377 2826 Hoc

208 2873 337 2934 tantum
353 2879 502 2934 tenemus
515 2868 677 2936 Draconis
693 2867 966 2950 constitutionem,
991 2885 1087 2949 quam
1103 2887 1173 2950 cap.
1190 2865 1211 2932 4
1226 2865 1375 2950 legimus,

208 2991 280 3039 essa
293 2973 484 3055 genuinam:
502 2975 697 3043 Aristotcles
707 2975 777 3058 ipse
789 2974 822 3040 iu
835 2994 903 3058 cap.
917 2976 957 3040 41
973 2981 1115 3042 testatur
1126 2993 1162 3040 se
1174 2993 1243 3042 rem
1255 2981 1376 3042 tracta·

208 3081 296 3147 visse
309 3089 427 3147 etcum
440 3099 480 3148 ea
493 3083 684 3166 exposuisse
696 3101 780 3165 quaa
792 3082 930 3164 legimus
943 3079 1068 3150 Keilius
1080 3080 1224 3169 evicit4).
1248 3081 1283 3150 Si
1298 3101 1376 3150 auc·

208 3193 310 3254 torem
324 3187 454 3270 quaeris
471 3206 567 3269 quem
580 3189 776 3256 Aristoteles
792 3197 924 3257 secutus
940 3188 993 3270 sit,
1017 3189 1297 3273 Atthidographos
1315 3187 1376 3256 tibi

208 3311 634 3378 proponamus‚quamquam
644 3315 707 3364 uon
716 3296 905 3380 ignoramus
913 3295 1202 3382 quaeKailiusllex
1210 3293 1374 3362 contrario

206 3401 400 3486 disputavit:
424 3401 494 3468 Das
509 3402 693 3472 Audcnlren
705 3423 747 3471 an
764 3403 818 3471 dia
832 3403 1038 3488 Vertassung
1053 3403 1206 3470 Drakons
1218 3402 1305 3472 labta
1318 3403 1374 3470 da-

206 3527 313 3593 gagen
338 3507 428 3576 nicht
451 3507 494 3576 im
511 3509 620 3579 Athen
637 3510 695 3578 des
718 3511 748 3579 4.
760 3509 1024 3590 Jahrlrunderts;
1048 3509 1131 3578 auch
1147 3507 1200 3576 die
1216 3507 1374 3578 Atthidem

207 3615 322 3682 hatten
346 3615 454 3682 nichts
478 3619 560 3684 libor
575 3615 632 3696 sie,
657 3617 720 3684 wie
735 3635 853 3685 nusere
870 3635 934 3684 von
953 3617 1016 3684 den
1033 3615 1192 3683 Atthidem
1208 3620 1374 3698 grdssteu·

207 3721 282 3790 tells
304 3721 490 3808 abnougige
514 3721 785 3806 Uaberlieleruug
808 3722 868 3790 mit
897 3721 999 3790 iurem
1034 3719 1373 3805 Stillschwaigeu

296 3903 412 3970 ¹)supra
430 3917 458 3970 p.
477 3901 493 3957 7
511 3901 571 3956 adu.
593 3901 617 3954 l.

296 3989 316 4058 ’t
335 3990 411 4058 Quod
438 3995 546 4060 apparet
573 4005 607 4044 ex
635 3988 781 4044 elocutione
809 3989 883 4044 ,ἔνιοι
902 3984 948 4052 dl‘,
978 3987 1020 4042 cui
1039 3987 1179 4058 opponitur
1204 3981 1239 4051 ,οἱ
1255 3984 1304 4056 μὲν
1323 3985 1373 4056 γὰρ

206 4075 325 4136 nuova.
361 4084 397 4150 lu·
417 4079 442 4150 ²,
460 4079 496 4148 a).

297 4165 414 4238 'tropus
432 4183 457 4238 p.
479 4169 521 4228 21.

294 4255 316 4314 ‘l
334 4255 394 4312 Keil
413 4255 457 4314 l.l.
476 4272 501 4328 p.
520 4257 555 4314 oo
573 4271 626 4326 aq.;
645 4255 680 4314 98
698 4255 756 4312 adu.
778 4259 806 4322 13
826 4255 886 4314 202.

295 4343 317 4414 ⁵)
336 4343 396 4400 Keil
415 4343 458 4402 tt.
478 4363 503 4418 p.
523 4343 583 4402 202.
