3144 4826
146 483 209 550 Sed
232 481 356 565 ahquid
372 482 494 551 certios
510 501 551 550 ex
575 483 631 568 eis,
657 501 741 565 quoe
764 483 798 550 in
815 481 1003 550 Heraclidis
1019 481 1161 565 epitoma
1177 487 1311 548 exstant

145 595 203 657 ant
225 589 279 658 hio
300 589 368 658 illio
391 597 524 662 servata
546 589 740 674 invenimus,
766 609 830 658 uon
854 589 1053 658 enucleatur.
1099 591 1183 658 Num
1211 587 1310 655 etiam

145 697 304 766 Herodoti
317 697 582 782 Thucydidisque
605 697 693 766 looos
717 697 773 780 qni
795 698 838 766 ad
861 715 930 764 rem
945 695 1111 780 pertinent
1126 695 1311 779 respexerit

145 803 343 872 Aristoteles
356 823 462 888 oeque
474 803 659 874 confirmari
670 810 782 888 potest
793 821 899 887 neque
912 803 1043 887 negari:
1061 801 1089 868 si
1101 802 1311 886 philosophus

145 909 251 980 refert
286 911 396 980 Iouem
429 913 532 996 primo
562 911 807 980 Atheniensium
841 909 891 978 rei
924 909 1059 977 militari
1093 907 1277 993 praefuisse
1288 909 1311 994 ¹)

147 1027 180 1085 et
214 1017 434 1086 Athenienses
470 1017 559 1088 illius
597 1017 726 1086 nomine
761 1017 943 1102 appellatos
982 1035 1053 1086 esse
1087 1015 1232 1102 Iones2),
1278 1015 1312 1082 iu

146 1125 336 1192 memoriam
359 1133 558 1196 revocantur
581 1125 741 1194 Herodoti
763 1124 918 1212 verha⁸):
950 1122 1045 1197 'locor
1067 1126 1097 1188 dl
1120 1134 1172 1187 eoo
1193 1121 1314 1190 Ξούθου

146 1229 338 1316 στρατάρχεω
361 1238 510 1316 γενομένου
527 1235 727 1314 Ἀθηναίοισιν
749 1231 915 1314 ἐκλήθησαν
937 1230 998 1295 ani
1019 1232 1121 1295 τούτου
1138 1227 1241 1312 Ἴωνες,
1281 1239 1316 1299 et

151 1340 192 1406 de
216 1339 343 1408 Theseo
367 1342 401 1407 in
424 1339 555 1408 Heraol
604 1341 680 1423 epit.
704 1341 725 1406 2
748 1347 927 1408 memorato
950 1359 985 1406 se
1009 1338 1163 1424 praebuit
1186 1339 1315 1422 'Phuey-

147 1445 232 1514 didis
255 1447 502 1535 adumbratim).
547 1447 611 1517 Sed
635 1451 717 1516 haec
740 1455 774 1514 et
796 1447 899 1534 eliel)
923 1446 1052 1514 etiamsi
1067 1458 1219 1530 respecta
1242 1463 1314 1513 esse

149 1553 365 1640 concedimus,
390 1563 500 1622 tamen
524 1573 589 1622 nen
612 1555 821 1623 mediocriter
844 1573 885 1622 ex
900 1553 1093 1622 Atthidibus
1116 1551 1316 1636 amplificata

147 1677 220 1726 esse
244 1660 358 1728 elucet.

236 1803 290 1868 Ad
314 1803 415 1886 ipsius
438 1803 539 1870 libelli
558 1804 737 1872 laceratum
754 1805 883 1872 initium
900 1804 1002 1870 addas
1019 1820 1103 1884 quae
1121 1801 1315 1872 Heraclides

147 1909 180 1978 in
204 1911 280 1992 epit.
304 1915 327 1978 4
349 1911 508 1978 tradidit:
528 1910 594 1984 τοὺς
616 1910 690 1990 μετὰ
714 1911 852 1984 Κύλωνος
874 1909 923 1974 dui
946 1909 997 1990 ripa
1019 1913 1173 1990 annunlio
1197 1913 1244 1972 ἐπὶ
1266 1908 1316 1972 τὸν

146 2015 245 2096 βωμὸν
272 2027 321 2096 τῆς
348 2025 422 2080 θεοῦ
444 2017 622 2100 πεφευγότας
644 2024 672 2080 οἱ
693 2023 759 2098 περὶ
783 2020 940 2100 Μεγακλέα
964 2019 1143 2082 ἀπέκτειναν.
1179 2015 1317 2089 καὶτοὺς

147 2121 316 2202 δράσαντας
359 2129 397 2198 ὡς
441 2131 549 2208 ἐναγεῖς
586 2122 715 2206 ἤλαυνον.
774 2126 861 2192 Hinc
899 2131 1066 2208 comparet
1103 2123 1316 2192 Aristotelem

148 2231 371 2300 narrationem
405 2234 454 2302 ita
487 2234 680 2318 instituisse,
719 2241 755 2300 ut
790 2234 893 2318 primo
929 2235 969 2300 de
1003 2230 1136 2316 Cylonia
1170 2229 1316 2298 facinore

149 2347 331 2420 exponeret
354 2338 487 2421 eiusque
510 2340 637 2408 tristem
659 2351 809 2408 eventum
827 2341 1079 2420 demonstraret,
1103 2337 1221 2404 deinde
1238 2338 1316 2420 quid

147 2441 402 2512 Alcmaeonldae
425 2447 588 2513 exsecrati
610 2448 700 2530 passi
731 2451 843 2512 esseut
866 2445 1065 2526 ostenderet,
1099 2451 1169 2510 tum
1203 2444 1314 2510 urbem

147 2549 189 2614 ab
213 2549 404 2632 Epimenide
428 2568 501 2618 esse
524 2563 695 2636 purgatam
720 2553 867 2620 adderet.

236 2694 324 2776 Quas
349 2695 552 2763 narrationis
576 2704 687 2781 partes
723 2697 835 2764 eodem
867 2695 961 2762 modo
991 2694 1079 2778 apud
1102 2692 1315 2760 Plutarchum

147 2816 210 2863 nno
236 2818 384 2867 connexu
420 2803 560 2870 traditas
583 2803 721 2886 legimus
756 2802 790 2868 in
813 2801 885 2870 vita
909 2800 1038 2868 Solonis
1060 2800 1100 2884 (o.
1125 2799 1214 2888 XII).
1249 2799 1316 2868 Sed

147 2905 223 2986 qaia
245 2907 310 2976 ,hio
345 2927 473 2990 quoque
500 2911 700 2978 Plutarchus
735 2910 831 2994 plura
864 2909 974 2992 habet,
1010 2927 1094 2990 quae
1127 2906 1316 2975 Aristotelis

147 3013 330 3079 manationi
352 3016 485 3084 ahunde
509 3021 633 3086 inserta
666 3037 739 3086 esse
773 3037 838 3084 nou
873 3019 1050 3100 probatur,
1086 3013 1318 3081 concludemus

145 3121 284 3186 remita
308 3127 475 3189 numatam
499 3143 570 3192 esse
593 3127 627 3192 iu
653 3124 803 3208 Atthide,
837 3142 878 3190 ex
906 3143 970 3206 qua
993 3124 1163 3204 utriusque
1186 3118 1320 3187 fluxerit

145 3226 322 3310 descriptio
345 3237 378 3295 et
403 3227 593 3298 Aristotelia
617 3233 702 3300 scite
726 3231 865 3298 astricta
888 3239 923 3298 et
945 3228 1131 3297 accuratius
1154 3227 1322 3308 exscripta

145 3331 323 3401 Plutarchi.

233 3479 369 3545 Accedit
393 3481 478 3559 quod
504 3477 601 3546 etiam
619 3479 652 3550 in
679 3479 727 3548 eis
748 3497 831 3560 quae
848 3487 990 3568 uterque
1006 3459 1169 3546 annexuit
1186 3470 1329 3554 vestigia

144 3583 321 3652 communis
345 3583 444 3652 fontis
468 3597 647 3670 apparent:

234 3817 253 3874 ¹l
273 3833 297 3884 p.
318 3815 343 3886 2,
361 3817 407 3886 est
428 3815 461 3872 K.
482 3817 526 3870 W.

233 3904 255 3972 ¹)
273 3903 379 3962 Heroon
399 3909 461 3976 epit.
483 3909 512 3976 l;
531 3906 659 3976 Harpocr.
679 3923 692 3960 s
712 3923 736 3962 r.
756 3905 888 3962 Ἀπόλλων
906 3907 1036 3976 πατρῷος.

234 3993 255 4060 ⁸)
274 3993 338 4052 flor.
358 3995 426 4054 v111
444 3997 488 4052 44.

232 4085 253 4145 ⁴)
271 4083 352 4140 Thoe.
373 4087 463 4154 1115,
484 4089 562 4142 1-3.

235 4171 255 4228 “t
274 4173 305 4226 ln
325 4179 505 4230 oouhoversta
533 4176 603 4230 inter
621 4175 785 4232 Herodotum
804 4177 839 4244 (V
862 4178 907 4242 71)
935 4177 963 4228 ot
981 4171 1166 4242 Thucydidem
1186 4169 1218 4238 (l,
1241 4165 1283 4236 12.
1303 4163 1332 4234 6)

144 4265 232 4316 coorta
246 4263 417 4318 Aristotelem
436 4265 469 4320 ab
488 4265 568 4320 huius
588 4265 704 4334 partibus
723 4269 792 4320 stare
811 4265 918 4334 saepius
937 4264 1094 4320 adnomtum
1115 4263 1166 4316 est.
1186 4259 1220 4314 oi.
1240 4255 1331 4312 Bauer

144 4351 210 4404 liter.
231 4369 255 4404 u.
275 4353 362 4408 diam.
384 4355 484 4408 Forrrh.
503 4373 523 4410 r.
542 4351 599 4408 ’Art
618 4351 677 4412 πολ.
697 4369 721 4422 p.
740 4357 789 4420 443
810 4351 878 4408 Keil.
898 4353 915 4408 l.
936 4353 954 4406 l.
974 4369 1000 4424 p.
1018 4351 1062 4408 96.

1147 4441 1165 4491 4
