3144 4826
198 641 288 722 δήμου
309 651 363 705 τῶν
386 646 559 715 Παιανιέων,
583 641 620 713 ως
642 639 738 704 δ’δἐισι
761 643 902 723 λέγσνσιν,
927 646 959 702 δκ
981 651 1033 704 τσῦ
1055 641 1205 704 Κολλυτοῦ
1234 660 1369 718 στεφα-

199 748 364 812 νόπωλιν
410 750 565 830 Θρᾷτταν,
610 743 627 826 ᾗ
667 745 758 826 ὄνομα
793 745 875 827 titio,
915 745 966 826 τήν
1007 745 1080 810 θεὸν
1113 744 1369 825 ἀπσγαμησιλμενος

199 867 240 936 τῷ
282 853 382 934 κόσμῳ
436 854 593 938 κατήγαγεν
637 857 696 933 μετ’
748 853 851 937 αὐτοῦ,
898 859 947 916 καὶ
993 855 1009 916 ὁ
1054 855 1107 931 plo
1154 855 1368 933 Πεισίστρατος

198 965 242 1044 ἐφ’
282 959 410 1041 ἅρματος
455 957 602 1040 εἰσήλαυνε
651 961 976 1042 παραιβατσδσης
1026 969 1077 1039 τής
1125 957 1256 1041 γυναικός
1306 963 1364 1024 κτδ.

198 1069 311 1158 Atque
355 1067 441 1134 idem
482 1067 570 1156 quod
608 1067 661 1133 illi
715 1064 801 1147 ,ἔνων
850 1065 1091 1134 contenderunt
1144 1065 1367 1132 Clitodemum

198 1175 377 1242 tradidisse
410 1177 557 1240 testatur
590 1171 784 1240 Athenaeus
792 1172 830 1260 ¹),
868 1173 962 1240 cuius
998 1174 1101 1240 verba
1134 1171 1365 1261 inspiciamus:

200 1283 495 1361 στεφανόπωλις
525 1283 556 1342 δὲ
581 1276 612 1360 ἦν
636 1285 683 1342 καὶ
707 1278 796 1360 αὐτήν
819 1280 938 1354 ἐξέδωκε
961 1278 1033 1359 πρὸς
1056 1277 1148 1361 γάμον
1178 1281 1326 1340 κοινωνίαν
1350 1281 1366 1340 ὁ

200 1391 414 1466 Πεισίστρατος
446 1385 591 1467 Ἱππάρχῳ
613 1395 654 1464 τῷ
674 1391 732 1465 υἱῷ,
755 1391 792 1457 ὡς
813 1387 976 1465 Κλείδημος
1011 1392 1123 1466 ι’στορει·
1141 1391 1170 1447 ἐν
1193 1384 1282 1468 ὀγδόῳ
1305 1383 1367 1448 Νό-

199 1514 286 1556 στων·
334 1493 461 1566 ,ἐξέδωκε
491 1495 594 1556 δὲκαὶ.
627 1491 775 1575 Ἱππάρχῳ
798 1502 838 1570 τῷ
858 1498 916 1554 virt
933 1490 984 1572 τήν
1013 1491 1368 1573 παραιβατήσασαν

199 1603 277 1680 αὐτῷ
295 1613 415 1684 γυναῖκα
439 1597 527 1681 Ψήρα,
551 1598 601 1680 τήν
623 1597 800 1682 Σωκράτους
830 1604 979 1681 θυγατέρα
1002 1603 1058 1666 κτλ.
1103 1599 1191 1665 Hine
1226 1598 1366 1686 colligas

200 1711 234 1776 et
272 1706 490 1774 (llitodemum
532 1706 702 1773 mulierem
739 1705 831 1772 illam
868 1705 1104 1786 ,στιφανδααλιν
1142 1705 1298 1773 habuisse
1335 1711 1369 1774 et

198 1813 415 1881 Aristotelem
437 1813 472 1878 in
495 1812 667 1880 scribendo
703 1812 746 1880 ad
779 1813 871 1880 illius
905 1814 1008 1880 verba
1041 1812 1258 1902 spectavisse,
1295 1837 1369 1880 cum

201 1922 300 1988 etiam
324 1920 466 1988 elocutio
491 1920 756 2002 παραιβατήσασαν
779 1920 859 2000 αὐτῷ
877 1933 996 2004 γυναῖκα
1031 1919 1121 2008 apud
1144 1942 1217 1988 cum
1241 1943 1368 2009 compa·

199 2032 273 2096 reat
296 2026 544 2114 (παραιβατούσην
566 2037 617 2103 τῆς
639 2026 810 2114 postulet).

288 2134 364 2200 Una
387 2135 499 2200 obstat
522 2132 700 2200 dubitatio:
724 2131 922 2200 Athenaeus
944 2133 1050 2200 refert
1065 2133 1285 2202 Clitodemum
1307 2133 1369 2200 illa

199 2240 379 2308 tradidisse
423 2241 459 2306 in
498 2261 606 2328 opere,
654 2240 708 2307 cui
745 2237 858 2302 Νόστοι
896 2240 1090 2312 inscribitur
1101 2241 1147 2328 8),
1195 2262 1269 2307 cum
1307 2264 1369 2308 nos

201 2352 428 2437 exspectemus
446 2346 660 2414 Aristotelem
679 2346 772 2412 illius
789 2345 928 2412 Atthide
950 2369 1047 2413 usum
1070 2370 1152 2414 esse.
1199 2345 1265 2415 Sed
1287 2370 1368 2414 vero

200 2455 385 2544 proximum
409 2459 461 2521 est
483 2455 678 2542 scriptorem
700 2454 735 2519 in
760 2453 897 2521 Atthide
920 2477 981 2521 sua
1007 2475 1072 2520 rem
1095 2477 1232 2543 prorsus
1256 2455 1369 2522 eodem

201 2561 297 2629 modo
323 2559 525 2626 narravisse.

291 2667 496 2756 Quamquam
518 2665 622 2752 igitur
643 2688 764 2752 magna
780 2689 854 2733 cum
868 2667 1113 2756 probabilitate,
1130 2671 1170 2732 ut
1185 2667 1366 2755 opinamur,

201 2773 376 2842 Clitodemi
398 2773 541 2860 vestigia
564 2773 803 2860 cognoscimus,
828 2779 938 2841 tamen
962 2773 1030 2840 noli
1053 2775 1199 2841 conicere
1222 2774 1368 2863 reliquas

200 2901 329 2969 quoque
365 2879 502 2946 notitias
537 2902 647 2946 omnes
672 2903 712 2946 ex
734 2881 827 2946 illins
849 2879 990 2946 Atthide
1013 2879 1157 2946 fluxisse.
1203 2881 1304 2948 Immo
1328 2887 1368 2948 ut

199 3011 266 3055 non
287 2989 322 3053 in
344 3011 410 3053 uno
434 2985 604 3053 Herodoto
628 2987 796 3075 acquievit
830 2987 1016 3074 Stagirites,
1048 2987 1095 3053 sic
1127 3010 1200 3054 eum
1234 2994 1368 3077 praeter

200 3093 373 3161 Clitodemi
408 3116 490 3182 opus
528 3093 611 3159 alias
646 3093 804 3160 Atthides
843 3093 963 3159 adiisse
1002 3093 1235 3162 crediderimus
1272 3095 1368 3162 velut

198 3198 461 3286 Androtionis4),
491 3223 597 3288 aquo
632 3199 738 3266 multa
757 3223 844 3287 ¹esse
876 3199 983 3287 petita
1016 3203 1133 3286 postea
1166 3201 1364 3288 videbimus3

199 3306 333 3373 sedhic
357 3329 485 3395 quoque
516 3311 568 3373 est
602 3306 689 3395 quod
724 3306 767 3372 ad
800 3329 874 3373 eum
908 3305 1097 3373 referamus.
1143 3307 1365 3399 Harpocratio

199 3435 224 3478 s.
238 3436 268 3478 v.
281 3413 453 3493 διαψήφισιν
468 3414 643 3480 memoriae
658 3413 811 3480 tradidit:
830 3415 1015 3474 ἐντελέστατα
1028 3413 1058 3474 δὲ
1071 3417 1222 3479 διείλεκται
1237 3421 1367 3497 περὶτῶν

289 3609 308 3670 ¹l
328 3609 480 3663 Athenaeus
499 3608 567 3664 XllI
586 3627 611 3678 p.
631 3609 683 3664 609
703 3609 776 3663 C.=
805 3607 947 3677 Clitodlrg.
968 3609 1001 3662 24
1021 3609 1056 3665 ll.

289 3697 309 3764 ²)
328 3697 397 3751 Item
415 3698 540 3754 iudicavit
558 3698 678 3769 Zingerle
699 3701 859 3765 binetus.
877 3709 948 3755 cestr.
974 3701 1061 3768 Gymn.
1081 3701 1186 3770 43‚207.

290 3788 311 3856 ³)
331 3786 430 3842 Stiehle
461 3787 487 3840 in
518 3786 612 3842 Philol.
644 3786 695 3841 vol.
714 3786 732 3842 8
750 3804 776 3856 p.
796 3787 848 3842 633
867 3787 1011 3856 disputavit
1041 3805 1093 3844 nou
1123 3789 1294 3846 Glitodemum
1320 3794 1367 3847 sed

199 3875 358 3931 Anticlidem
376 3879 462 3946 operis
480 3877 562 3932 fuisse
580 3879 722 3932 auctorem.
757 3876 809 3932 Sed
827 3877 970 3932 traditionis
990 3877 1055 3932 fides
1074 3879 1241 3934 confirmatur
1258 3880 1366 3950 ratione,

200 3982 267 4035 quae
286 3965 357 4020 inter
376 3965 550 4021 Clitodemum
569 3969 597 4020 et
615 3965 783 4021 Aristotelem
802 3965 947 4022 intercedit.

287 4055 308 4124 ⁴)
326 4055 441 4110 Atthidis
459 4055 612 4124 scriptorem
630 4055 745 4110 cundum
764 4055 844 4110 fnisse
863 4057 942 4126 atque
960 4057 1081 4112 Isocratis
1096 4056 1251 4126 discipulum
1269 4058 1364 4112 adver-

199 4144 350 4214 seriumque
368 4144 554 4199 Demosthenis
572 4145 624 4200 iam
642 4161 694 4200 non
714 4147 801 4213 potest
828 4145 954 4215 dubitari3
982 4145 1015 4199 cf.
1034 4159 1101 4214 quae
1120 4146 1209 4200 conus
1236 4145 1366 4202 infirmam

199 4231 320 4290 Muellerr'
349 4233 507 4288 sententiam
540 4233 632 4302 (EBG.
652 4233 765 4303 Iprsef.
793 4251 818 4304 p.
838 4233 996 4301 LXXXIII)
1027 4233 1227 4302 disputaverunt
1253 4251 1296 4288 vv.
1324 4237 1366 4291 dd·

198 4322 324 4378 Stiehle
316 4340 344 4377 in
361 4321 455 4379 Philol.
475 4321 549 4392 VIII,
562 4323 630 4391 6343
649 4327 713 4381 sm.
731 4322 856 4380 Schseler
868 4323 938 4378 llus
957 4321 1042 4376 Rheu.
1061 4322 1104 4388 33
1104 4320 1170 4387 429
1187 4322 1222 4380 id.
1241 4327 1368 4383 Βιεωετλ.

198 4431 264 4472 αι.
287 4411 467 4484 2.1,390,;3
485 4410 563 4468 Blsss
583 4416 636 4470 Au.
658 4416 755 4474 Bereds
774 4414 809 4475 Π.
832 4411 984 4486 resq,n1ii.
