3144 4826
810 298 852 364 46

245 496 273 564 si
295 514 336 563 ea
359 496 548 578 omittimus,
573 514 656 577 quae
679 513 779 578 supra
789 495 811 582 ¹)
834 494 1013 579 attulimus,
1037 513 1134 562 unum
1157 501 1284 560 tantum
1308 498 1416 559 restat

245 603 331 684 quod
354 603 498 668 traditur
519 600 757 668 Androtionem
781 603 822 667 de
846 619 955 684 pugna
978 602 1022 666 ad
1037 599 1220 684 Arginusas
1244 597 1417 666 commissa

245 708 444 793 rettulisset)
457 717 489 776 et
499 708 673 791 capitalem
685 708 917 791 imperatorum
928 725 1059 773 causam
1070 704 1416 791 commemoravissel).

333 817 399 882 Sed
423 833 528 896 neque
551 816 673 880 certius
697 812 822 896 aliquid
845 813 1010 880 enucleari
1035 818 1145 895 potest
1169 823 1204 877 et
1220 811 1416 880 Aristoteles

244 922 325 991 satia
370 921 487 989 habuit
524 923 700 989 ostendere
737 923 772 988 in
811 939 911 987 causa
955 919 1013 986 illa
1059 927 1175 986 eontra
1212 920 1304 1002 leges
1343 937 1416 984 esse

244 1038 414 1111 peccatum
423 1027 451 1115 ⁴)
489 1044 594 1109 neque
639 1027 671 1092 id
711 1025 834 1093 studuit
873 1032 910 1093 ut
947 1034 1100 1093 accurata
1137 1026 1284 1110 singula,
1323 1025 1418 1093 velut

245 1143 471 1202 accusatorum
506 1152 689 1219 numerum,
727 1141 970 1216 exsequeretur.
1025 1132 1061 1200 Si
1095 1133 1182 1200 euim
1218 1132 1315 1200 dicit:
1349 1129 1418 1204 τοὺς

244 1248 336 1305 δέκα
360 1239 536 1326 στρατηγοὺς
557 1239 624 1313 τοὺς
646 1252 680 1322 τῇ
704 1246 848 1324 ναυμαχίᾳ
872 1241 1040 1328 νικῶνταςῦ)
1063 1259 1133 1308 eum
1158 1259 1221 1307 non
1246 1259 1417 1308 numerum

244 1348 363 1417 afferre
398 1351 456 1417 sed
491 1348 664 1433 collegium
697 1347 779 1415 ill'ud
814 1347 1033 1436 significare⁶)
1075 1349 1193 1415 docent
1226 1347 1415 1429 sequentia:

129 1491 135 1502 ·
244 1456 310 1530 coi-c
332 1461 384 1538 μὲν
407 1457 472 1521 οὐδὲ
495 1454 804 1539 σιννανμαχὴσαντας,
830 1475 913 1540 quae
937 1456 1031 1524 nihili
1060 1465 1137 1523 sunt
1164 1459 1191 1522 si
1220 1463 1319 1522 antea
1342 1473 1415 1522 eum

245 1566 368 1632 dixisse
403 1571 554 1648 putamus
588 1582 700 1631 omnes
731 1565 844 1631 decem
867 1562 1081 1648 imperatores
1105 1563 1139 1629 in
1170 1580 1281 1648 pugna
1303 1563 1417 1628 navali

244 1671 416 1740 victoriam
441 1689 512 1738 esse
534 1672 671 1754 adeptos
682 1671 718 1758 Ἰ).
751 1671 833 1737 Rem
856 1669 971 1754 ipsam,
995 1671 1029 1737 in
1054 1689 1117 1752 qua
1133 1669 1287 1737 Socrates
1304 1660 1417 1752 partes

244 1778 362 1847 habuit
385 1779 570 1861 singulares
579 1777 616 1865 ⁸),
633 1777 831 1845 Academiae
854 1779 1072 1845 sectatoribus
1095 1777 1264 1859 opinemur
1287 1775 1417 1842 notissi-

244 1861 455 1952 meminisse
478 1883 616 1966 ideoque
638 1884 849 1951 Aristotelem
873 1883 956 1950 certi
979 1884 1123 1952 auctoris
1144 1902 1208 1950 non
1224 1881 1415 1965 indiguisse.

245 1991 279 2059 Si
304 1999 415 2058 tamen
439 1990 572 2073 quaeris
595 1997 772 2072 auctorem,
797 1992 861 2057 iam
884 1991 1112 2075 Xenophontis
1137 1988 1312 2072 descriptio
1333 1990 1416 2056 satis

245 2099 327 2166 iacit
349 2099 392 2164 ad
415 2098 598 2182 philosophi
622 2099 725 2166 verba
748 2099 948 2164 declaranda
958 2099 995 2182 ⁹).

334 2207 379 2274 At
412 2205 494 2274 nihil
529 2205 737 2290 philosophus
760 2207 848 2289 apud
870 2206 1119 2288 Xenophontem
1142 2205 1271 2272 invenit
1294 2224 1415 2288 eorum,

245 2331 327 2398 quae
361 2312 479 2380 deinde
510 2314 550 2378 de
574 2313 775 2397 Cleophonte
799 2312 934 2396 protulit
958 2313 1062 2394 deque
1087 2311 1252 2380 creatione
1276 2310 1416 2396 triginta

245 2418 403 2505 virorum,
433 2438 513 2500 quos
538 2437 807 2486 commemorasse
830 2418 1014 2501 Xenophon
1038 2419 1121 2486 satis
1144 2418 1317 2504 nabulum),
1343 2437 1415 2486 cum

244 2527 314 2610 ipse
338 2528 524 2594 accuratius
547 2526 692 2608 singulas
716 2527 875 2592 factiones
900 2544 1076 2608 earumque
1105 2527 1204 2594 duces
1229 2525 1416 2593 describere

245 2633 455 2715 maluerit11).

335 2849 354 2918 ²)
372 2863 453 2917 supra
471 2865 495 2917 p.
515 2849 558 2917 41,
580 2851 593 2904 1
613 2849 640 2902 ei
658 2849 683 2902 6.

335 2938 357 3006 ’)
376 2938 486 2993 Androt.
505 2937 553 3006 irg.
575 2939 609 2993 14
627 2937 663 2994 M.

335 3026 487 3095 'lPausam
507 3026 547 3084 VI
566 3028 590 3089 7,
610 3027 635 3082 l.

333 3118 354 3184 ⁴)
372 3117 401 3170 in
419 3115 506 3170 verbis
534 3117 625 3184 οννέρη
644 3115 770 3186 κριθῆναι
788 3117 838 3186 μιᾷ
855 3119 1001 3186 χειροτονίᾳ
1027 3109 1128 3171 πάντας
1155 3132 1259 3171 summa
1281 3115 1416 3170 sententia

245 3209 400 3364 l⁰⁸¹t⁸⁶5³lija
419 3293 462 3360 37,
482 3295 516 3350 15
534 3295 567 3350 K.
587 3295 630 3350 W.

334 3383 355 3453 ⁰)
374 3384 474 3442 Eodem
493 3383 602 3441 consilio
620 3400 673 3439 non
691 3383 768 3439 aliter
785 3385 889 3440 locutus
908 3387 949 3439 est
967 3384 1042 3441 Plato
1070 3385 1097 3439 in
1117 3384 1191 3455 Apol.
1223 3385 1257 3443 32
1276 3383 1314 3442 B:
1342 3384 1416 3442 coia

246 3470 324 3526 ddum
342 3473 557 3544 στρατηγοὺς
573 3473 633 3530 τοὺς
650 3472 696 3526 οὐκ
714 3472 884 3543 ἀνελομένους
901 3474 960 3531 τοὺς
978 3472 1006 3527 ἐκ
1023 3475 1069 3543 τῆς
1087 3474 1240 3544 ναυμαχίαν.

336 3561 496 3631 &Diximus
525 3562 574 3617 hoc
601 3565 692 3616 eontra
710 3561 844 3616 Bauerum
863 3565 927 3616 liter.
947 3582 973 3619 u.
991 3567 1078 3617 histor.
1099 3566 1275 3631 mrsclmgen
1292 3583 1340 3616 eur
1357 3562 1415 3617 Ἀθ.

244 3670 265 3704 τι
281 3649 303 3710 λ,
343 3693 349 3706 .
449 3693 455 3706 .

265 3670 280 3705 ⁰
323 3651 452 3808 ΡΒ)11ῗῗ)ιζῐιο
470 3739 545 3810 Apul.
566 3739 880 3812 5233x0n0ph.11e1i
900 3740 913 3795 1
933 3743 957 3811 7,
979 3743 1020 3797 15.

334 3822 933 3898 ”)Ηο11.ῐ,7,34;ὴδὲιῆιβοιλῆοῆνμιᾷ
953 3830 1049 3901 ψήφῳ
1067 3823 1216 3886 ἅπαντας
1233 3832 1416 3900 κρίνειν...

245 3915 447 3990 διαχειροτονίαν
481 3919 620 3988 γενομένης
647 3917 751 3989 ἐαρινον
776 3919 825 3986 τὴν
850 3919 896 3986 τῆς
924 3917 1033 3988 flaviis,
1061 3920 1141 3975 addus
1169 3936 1237 3990 quae
1264 3919 1416 3989 Xenophon

244 4007 464 4078 uuryptolemum
482 4008 614 4063 dicentem
632 4009 695 4062 iacit
712 4008 734 4076 1,
754 4008 777 4077 7,
797 4008 839 4064 26.
859 4010 901 4064 30.
922 4011 970 4066 32:
989 4006 1025 4065 sle
1047 4009 1099 4062 τῶν
1115 4008 1247 4078 ἡμετέρων
1265 4009 1417 4078 στρατηγῶν

245 4095 289 4152 ἐπὶ
305 4092 451 4164 καταδύσης
468 4097 530 4154 νεὼς
548 4093 707 4153 διασωθείς.
724 4095 865 4154 ...αὐτὸν
891 4095 947 4152 τότε
974 4094 1098 4167 διόμονον
1114 4095 1335 4169 &amoime-’Ad
1355 4095 1416 4157 πολ,

246 4203 271 4257 ρ·
289 4185 457 4345 Βγ’ῑζίΧοιι
476 4274 546 4332 Heli
565 4276 602 4347 11,
620 4276 646 4336 3.
664 4275 690 4334 2.

336 4365 370 4436 ¹¹)
386 4381 413 4436 p.
432 4369 475 4435 38,
494 4367 564 4424 d-c
582 4365 616 4421 K.
635 4364 679 4424 W.
