3144 4826
838 294 881 362 26

363 495 403 560 ln
420 493 470 560 his
493 492 595 577 igitur
610 489 810 558 Aristoteles
826 492 868 558 ab
885 491 1054 558 Herodoto
1078 491 1226 574 recessit;
1249 491 1282 558 in
1306 492 1439 574 reliquis

276 621 350 670 eum
386 618 490 682 aeque
525 603 656 666 secutus
691 605 741 667 est
775 603 873 681 atque
896 597 930 665 in
954 617 1025 682 cap.
1050 603 1206 682 sequente
1229 599 1330 688 (XX),
1355 601 1440 682 quod

276 717 381 776 totum
415 706 486 774 iere
510 707 715 773 Herodotum
749 707 848 772 habet
881 711 1056 773 auctorem.
1102 707 1210 788 Atque
1238 707 1291 774 hio
1313 725 1440 789 quoque

276 817 432 883 attendas
455 813 668 881 Aristotelem
693 813 899 880 considerate
934 813 968 880 in
1003 815 1181 881 mutuando
1204 823 1369 882 vetsatum
1402 831 1440 878 ea

275 921 533 1006 praetermisisse
550 941 632 1003 quae
651 931 764 1006 „pater
778 920 956 988 historiae“
974 921 1009 988 iu
1035 921 1290 1005 digressionibus
1314 920 1440 1003 longius

277 1033 436 1098 aberrans
461 1029 640 1096 coenavit.
688 1029 756 1113 Quo
780 1027 904 1095 factum
934 1035 993 1112 est,
1029 1036 1065 1096 ut
1096 1049 1179 1110 quae
1202 1029 1258 1096 ille
1281 1030 1315 1095 in
1339 1026 1442 1112 quinti
1551 1051 1552 1108 ν

276 1137 352 1204 libri
369 1136 530 1220 capitibus
547 1133 599 1218 66,
613 1134 665 1218 70,
680 1135 721 1199 72
735 1135 885 1218 exposuit
901 1136 1055 1203 continue
1071 1135 1218 1202 oratione
1232 1137 1445 1220 coniungeret

277 1264 409 1328 prorsus
426 1242 583 1327 neglectis
600 1242 758 1326 omnibus,
783 1263 866 1325 quae
888 1243 922 1310 in
943 1263 1033 1327 capp.
1052 1241 1104 1320 67,
1122 1246 1174 1324 68,
1193 1241 1244 1323 69,
1263 1245 1302 1308 71
1320 1242 1446 1308 inserta

280 1359 365 1419 sunt.
412 1351 484 1418 Duo
508 1349 592 1417 enim
617 1349 721 1432 prima
746 1349 915 1417 enuntiata
939 1352 981 1417 ad
1005 1350 1043 1435 V,
1069 1350 1299 1432 despectant:

372 1457 440 1520 Ἀθ.
464 1460 528 1523 πολ.
554 1477 584 1540 p.
610 1457 662 1542 21,
687 1455 728 1523 21

280 1566 510 1644 Καναλυθεέσης
536 1566 566 1626 δὲ
596 1575 646 1644 νὶγς
672 1567 838 1644 τυραννίδος
1269 1562 1319 1628 δύο
1343 1560 1448 1643 ἄνδρες

279 1671 450 1746 ε’στασέαζον
461 1669 535 1754 πρὸς
545 1669 838 1753 ἀλλήλους’έσαγόρας
888 1667 1089 1752 ἐδυνάστευον,
1114 1673 1296 1752 Κλεισθένης
1318 1696 1349 1734 νε
1374 1669 1447 1750 ἀνὴρ

279 1777 475 1860 ὀΤεισάνδρου
488 1776 684 1858 peortaneu
693 1775 837 1861 τυράννων
883 1778 1089 1858 Ἀλκμεωνίδης
1113 1829 1120 1845 .
1147 1833 1154 1846 .
1179 1827 1186 1841 .
1210 1783 1259 1841 καὶ
1298 1775 1449 1860 Ἰσαγόρης

279 1892 328 1950 καὶ
351 1889 533 1967 Κλεισθένης
555 1895 606 1948 τοῦ
622 1891 717 1968 γένους
733 1883 770 1949 ὢν
784 1896 839 1949 νῶν
893 1883 1115 1969 Τεισάνδρου..
1135 1938 1141 1953 .
1160 1883 1236 1950 οὗτοι
1278 1894 1306 1950 οἱ
1344 1881 1449 1965 ἄνδρες

274 1997 494 2075 Ἀλκμεωνιδῶν,
535 1993 692 2075 ἡττώμενος
719 1995 750 2054 δὲ
776 2006 839 2065 ναῖς
888 1997 1067 2056 ἐστασίασαν
1090 1997 1156 2074 napi
1179 1991 1323 2074 δυνάμιος,
1349 1988 1449 2055 ἑσσού-

280 2105 429 2184 έναιρεέαις
454 2106 470 2164 ὁ
493 2103 676 2180 Κλεισθένης
696 2101 838 2182 κροσηγά-
887 2123 972 2179 μενος
994 2102 1024 2163 δὲ
1049 2104 1263 2173 ὁΚλεισθένης
1285 2101 1335 2166 τὸν
1359 2107 1450 2180 δῆμον

279 2233 342 2292 γενο
350 2207 399 2271 νδν
407 2213 504 2288 δι’γμον,
516 2205 671 2280 ἀποδιδοὺς
682 2218 722 2287 νῷ
730 2205 838 2288 πλήθει
1186 2208 1448 2291 προσεταιρίζεται.

279 2314 329 2396 νην
352 2317 506 2378 πολιτείαν.

370 2422 461 2506 Quuae
486 2421 604 2488 deinde
628 2422 814 2488 Herodotus
839 2423 878 2488 de
903 2420 1077 2490 Clisthenis
1102 2422 1272 2505 disciplina
1302 2419 1451 2506 pretulit,

281 2529 477 2598 Aristoteles
507 2528 562 2594 hic
597 2527 713 2614 omisit,
749 2534 785 2594 ut
819 2527 907 2596 iufra
941 2534 1114 2597 tractaret.
1161 2532 1325 2598 Consueta
1349 2530 1452 2612 igitur

282 2657 359 2705 usus
394 2637 548 2704 libertate
583 2636 616 2703 in
651 2656 759 2703 rerum
794 2637 907 2705 ordine
942 2638 1168 2705 constituendo
1205 2656 1269 2704 non
1305 2635 1451 2704 auctoris

282 2743 417 2812 arbitrio
442 2744 561 2827 paruit,
598 2746 653 2812 sed
684 2763 878 2826 quamquam
913 2745 945 2812 in
970 2765 1006 2811 re
1030 2746 1195 2812 narranda
1220 2763 1290 2811 eum
1315 2748 1451 2814 secutus

282 2857 464 2919 esttamen
488 2851 521 2917 in
545 2870 581 2918 re
605 2853 808 2936 disponenda
843 2872 934 2920 suam
969 2852 1042 2919 iniit
1064 2853 1161 2935 viam,
1201 2872 1298 2934 quam
1333 2849 1454 2918 habuit

283 2957 532 3042 probabiliorem
545 2957 577 3045 ¹).
624 2958 692 3024 Nec
716 2978 779 3025 non
803 2957 1042 3040 praetermissis
1072 2958 1204 3040 reliquis
1235 2967 1274 3046 (c.
1307 2953 1454 3038 67-69)

281 3084 301 3131 a
325 3085 360 3132 re
384 3064 552 3148 proposita
576 3064 833 3148 digredientibus
857 3064 969 3131 statim
993 3064 1127 3132 transiit
1150 3067 1192 3132 ad

390 3173 457 3238 Ἀθ,
481 3174 544 3238 πολ.
569 3194 597 3255 p.
621 3169 674 3255 22,
698 3169 727 3238 3.
1105 3174 1146 3256 V,
1171 3171 1223 3240 70:

281 3283 296 3342 ὁ
328 3279 358 3340 δὲ
384 3277 534 3360 Ἰσαγόρας
565 3278 777 3358 έκιλειννόμενος
805 3289 840 3360 τῇ
889 3275 1455 3360 ἐνεῷμέρεϊδὲἑσσούμενοςὸἸσαγόρηε·

280 3383 397 3464 δυνάμει
520 3383 607 3449 πάλιν
630 3384 838 3468 έκεκαλεσάμε-
890 3388 1084 3469 ἀντιτεχνᾶται
1092 3387 1455 3453 τάδεδκικαλεῖταιΚλεο-

280 3516 327 3564 νος
349 3489 398 3554 τὸν
421 3494 586 3574 Κλεομένην
889 3497 975 3575 μένεα
986 3492 1035 3558 τὸν
1055 3494 1286 3572 Λακεδαιμόνιον
1302 3494 1455 3581 γενόμενον

281 3594 350 3662 ὄντα
374 3604 465 3678 ἑαυτῷ
486 3599 564 3674 ξένον
853 3636 865 3744 η
891 3607 984 3681 ἑωυτῷ
1004 3601 1093 3676 ξεῖνον
1105 3656 1112 3669 .
1126 3653 1133 3668 .
1146 3657 1152 3670 .
1165 3601 1202 3666 eoi
1217 3606 1269 3683 μὲν
1292 3603 1328 3684 δὴ
1351 3607 1455 3680 πρῶνα

890 3713 1011 3788 πέμπων
1021 3713 1036 3772 ὃ
1048 3712 1211 3791 Κλεομένης
1221 3717 1250 3784 ἐς
1260 3701 1456 3784 adeliciam·

282 3818 447 3876 subducebar
470 3812 596 3878 ἐλαύνειν
618 3813 651 3878 τὸ
682 3812 765 3898 ἄγος,
790 3815 838 3880 διὰ
890 3815 998 3900 κήρυκα
1026 3815 1158 3898 ἐξέβαλλε
1188 3821 1377 3880 Κλεισθένεα
1406 3807 1455 3866 uui

280 3918 313 3982 νὸ
336 3924 402 3992 uolo
420 3921 629 4001 Ἀλκμεωνίδας
652 3929 745 3986 δοκεῖν
769 3923 840 3986 εἶναι
892 3926 949 4005 μετ’
982 3927 1073 3987 αὐτοῦ
1096 3920 1198 3996 ἄλλους
1220 3922 1344 3994 πολλοὺς
1364 3915 1457 3990 Ἀθη·

279 4034 333 4090 τῶν
357 4033 468 4109 ἐναγῶν.
890 4035 986 4105 ναέων,
999 4029 1065 4102 τοὺς
1073 4036 1191 4113 ἐναγέας
1201 4034 1346 4114 ἐπιλέγων.
1359 4032 1456 4086 eodm

889 4141 919 4202 δὲ
943 4143 1065 4218 πέμπων
1089 4138 1182 4220 ἔλεγεν
1205 4144 1236 4200 δκ
1259 4142 1380 4219 διδαχῆς
1402 4131 1456 4188 ’1θῦ

866 4245 1049 4333 γἸσαγὸρεω,

369 4385 390 4456 ²)
410 4385 443 4440 de
462 4400 514 4472 qua
531 4402 560 4442 re
579 4387 611 4442 ei.
631 4387 746 4444 Kochlar
763 4389 780 4448 l.
799 4389 816 4445 l.
835 4407 861 4460 p.
881 4389 959 4467 3472.
