<?xml version="1.0" encoding="UTF-8"?>
<!DOCTYPE html PUBLIC "-//W3C//DTD XHTML 1.0 Transitional//EN"
    "http://www.w3.org/TR/xhtml1/DTD/xhtml1-transitional.dtd">
<html xmlns="http://www.w3.org/1999/xhtml" xml:lang="en" lang="en">
 <head>
  <title>
</title>
<meta http-equiv="Content-Type" content="text/html;charset=utf-8" />
  <meta name='ocr-system' content='tesseract 3.04.00' />
  <meta name='ocr-capabilities' content='ocr_page ocr_carea ocr_par ocr_line ocrx_word'/>
</head>
<body>
  <div class='ocr_page' id='page_1' title='image "./quibusauctoribu00hellgoog_0027.png"; bbox 0 0 3144 4826; ppageno 0'>
   <div class='ocr_carea' id='block_1_1' title="bbox 858 335 899 402">
    <p class='ocr_par' dir='ltr' id='par_1_1' title="bbox 858 335 899 402">
     <span class='ocr_line' id='line_1_1' title="bbox 858 335 899 402; baseline 0 0"><span class='ocrx_word' id='word_1_1' title='bbox 858 335 899 402; x_wconf 89' lang='lat'>18</span> 
     </span>
    </p>
   </div>
   <div class='ocr_carea' id='block_1_2' title="bbox 186 530 1460 2979">
    <p class='ocr_par' dir='ltr' id='par_1_2' title="bbox 186 530 1460 2979">
     <span class='ocr_line' id='line_1_2' title="bbox 290 530 1458 624; baseline 0.006 -28"><span class='ocrx_word' id='word_1_2' title='bbox 290 530 434 598; x_wconf 88' lang='lat' dir='ltr'>fortasse</span> <span class='ocrx_word' id='word_1_3' title='bbox 457 530 653 600; x_wconf 88' lang='lat' dir='ltr'>Aristotelis</span> <span class='ocrx_word' id='word_1_4' title='bbox 676 532 833 602; x_wconf 92' lang='lat' dir='ltr'>iudicium</span> <span class='ocrx_word' id='word_1_5' title='bbox 856 555 1013 620; x_wconf 75' lang='lat' dir='ltr'>agnosces</span> <span class='ocrx_word' id='word_1_6' title='bbox 1036 531 1071 598; x_wconf 93' lang='lat' dir='ltr'>in</span> <span class='ocrx_word' id='word_1_7' title='bbox 1093 531 1204 598; x_wconf 86' lang='lat' dir='ltr'>verbis</span> <span class='ocrx_word' id='word_1_8' title='bbox 1227 534 1346 624; x_wconf 89' lang='lat' dir='ltr'>quibus</span> <span class='ocrx_word' id='word_1_9' title='bbox 1369 536 1458 624; x_wconf 82' lang='lat' dir='ltr'>inge·</span> 
     </span>
     <span class='ocr_line' id='line_1_3' title="bbox 289 639 1457 732; baseline 0.003 -27"><span class='ocrx_word' id='word_1_10' title='bbox 289 641 378 706; x_wconf 89' lang='lat' dir='ltr'>nium</span> <span class='ocrx_word' id='word_1_11' title='bbox 415 641 560 729; x_wconf 85' lang='lat' dir='ltr'>Hippiae</span> <span class='ocrx_word' id='word_1_12' title='bbox 599 643 647 729; x_wconf 77' lang='grc' dir='ltr'>(τῇ</span> <span class='ocrx_word' id='word_1_13' title='bbox 671 641 757 723; x_wconf 77' lang='grc' dir='ltr'><strong><em>φύσει</em></strong></span> <span class='ocrx_word' id='word_1_14' title='bbox 794 640 941 714; x_wconf 73' lang='grc' dir='ltr'><strong><em>πολιτικὸς</em></strong></span> <span class='ocrx_word' id='word_1_15' title='bbox 974 645 1021 702; x_wconf 81' lang='grc' dir='ltr'>καὶ</span> <span class='ocrx_word' id='word_1_16' title='bbox 1057 639 1187 726; x_wconf 81' lang='grc' dir='ltr'><strong><em>ἔμφρων)</em></strong></span> <span class='ocrx_word' id='word_1_17' title='bbox 1216 645 1250 709; x_wconf 88' lang='lat' dir='ltr'>et</span> <span class='ocrx_word' id='word_1_18' title='bbox 1272 642 1457 732; x_wconf 81' lang='lat' dir='ltr'>Hipparchi</span> 
     </span>
     <span class='ocr_line' id='line_1_4' title="bbox 289 746 1455 835; baseline 0.007 -27"><span class='ocrx_word' id='word_1_19' title='bbox 289 746 455 833; x_wconf 76' lang='lat' dir='ltr'>(nordroidpr</span> <span class='ocrx_word' id='word_1_20' title='bbox 490 753 544 810; x_wconf 80' lang='grc' dir='ltr'>παὶ</span> <span class='ocrx_word' id='word_1_21' title='bbox 579 747 716 832; x_wconf 75' lang='grc' dir='ltr'><strong><em>ἐρανικὰς</em></strong></span> <span class='ocrx_word' id='word_1_22' title='bbox 750 753 798 811; x_wconf 84' lang='grc' dir='ltr'>καὶ</span> <span class='ocrx_word' id='word_1_23' title='bbox 834 746 1022 835; x_wconf 80' lang='grc' dir='ltr'>φιλόμουσος)</span> <span class='ocrx_word' id='word_1_24' title='bbox 1061 747 1268 830; x_wconf 60' lang='lat' dir='ltr'>illustratum</span> <span class='ocrx_word' id='word_1_25' title='bbox 1292 772 1330 816; x_wconf 84' lang='lat' dir='ltr'>ao</span> <span class='ocrx_word' id='word_1_26' title='bbox 1353 772 1393 816; x_wconf 88' lang='lat' dir='ltr'>ne</span> <span class='ocrx_word' id='word_1_27' title='bbox 1416 772 1455 816; x_wconf 85' lang='lat' dir='ltr'>oa</span> 
     </span>
     <span class='ocr_line' id='line_1_5' title="bbox 289 854 1454 947; baseline -0.005 -23"><span class='ocrx_word' id='word_1_28' title='bbox 289 856 419 944; x_wconf 85' lang='lat' dir='ltr'>quidem</span> <span class='ocrx_word' id='word_1_29' title='bbox 443 881 526 946; x_wconf 79' lang='lat' dir='ltr'>quae</span> <span class='ocrx_word' id='word_1_30' title='bbox 550 857 590 924; x_wconf 88' lang='lat' dir='ltr'>de</span> <span class='ocrx_word' id='word_1_31' title='bbox 613 857 807 947; x_wconf 80' lang='lat' dir='ltr'>Hipparcho</span> <span class='ocrx_word' id='word_1_32' title='bbox 843 856 983 924; x_wconf 81' lang='lat' dir='ltr'>addidit:</span> <span class='ocrx_word' id='word_1_33' title='bbox 1020 860 1070 917; x_wconf 85' lang='grc' dir='ltr'>καὶ</span> <span class='ocrx_word' id='word_1_34' title='bbox 1093 854 1160 928; x_wconf 78' lang='grc' dir='ltr'><strong><em>τοὺς</em></strong></span> <span class='ocrx_word' id='word_1_35' title='bbox 1182 861 1248 939; x_wconf 78' lang='grc' dir='ltr'>περὶ</span> <span class='ocrx_word' id='word_1_36' title='bbox 1266 855 1454 938; x_wconf 69' lang='grc' dir='ltr'><strong><em>Ἀνακρέοντα</em></strong></span> 
     </span>
     <span class='ocr_line' id='line_1_6' title="bbox 288 960 1457 1044; baseline 0.001 -19"><span class='ocrx_word' id='word_1_37' title='bbox 288 967 338 1026; x_wconf 75' lang='grc' dir='ltr'>καὶ</span> <span class='ocrx_word' id='word_1_38' title='bbox 362 969 524 1044; x_wconf 80' lang='grc' dir='ltr'><strong><em>ΣιμωνΙδην</em></strong></span> <span class='ocrx_word' id='word_1_39' title='bbox 547 968 596 1026; x_wconf 83' lang='grc' dir='ltr'>καὶ</span> <span class='ocrx_word' id='word_1_40' title='bbox 621 963 686 1037; x_wconf 76' lang='grc' dir='ltr'>τοὺς</span> <span class='ocrx_word' id='word_1_41' title='bbox 709 961 812 1037; x_wconf 77' lang='grc' dir='ltr'><strong><em>ἄλλους</em></strong></span> <span class='ocrx_word' id='word_1_42' title='bbox 846 962 967 1044; x_wconf 77' lang='grc' dir='ltr'><strong><em>ποιητὰς</em></strong></span> <span class='ocrx_word' id='word_1_43' title='bbox 1002 960 1085 1035; x_wconf 72' lang='grc' dir='ltr'><em>οὗτος</em></span> <span class='ocrx_word' id='word_1_44' title='bbox 1108 960 1141 1044; x_wconf 81' lang='grc' dir='ltr'>ἦν</span> <span class='ocrx_word' id='word_1_45' title='bbox 1164 970 1179 1026; x_wconf 86' lang='grc' dir='ltr'><strong>ὀ</strong></span> <span class='ocrx_word' id='word_1_46' title='bbox 1203 962 1457 1044; x_wconf 75' lang='grc' dir='ltr'><strong><em>μεταπεμπόμενος</em></strong></span> 
     </span>
     <span class='ocr_line' id='line_1_7' title="bbox 287 1070 1457 1160; baseline -0.001 -23"><span class='ocrx_word' id='word_1_47' title='bbox 287 1071 375 1138; x_wconf 91' lang='lat' dir='ltr'>unde</span> <span class='ocrx_word' id='word_1_48' title='bbox 399 1071 578 1160; x_wconf 75' lang='lat' dir='ltr'>sumpserit</span> <span class='ocrx_word' id='word_1_49' title='bbox 612 1072 788 1160; x_wconf 75' lang='lat' dir='ltr'>Stagirites</span> <span class='ocrx_word' id='word_1_50' title='bbox 824 1072 939 1160; x_wconf 89' lang='lat' dir='ltr'>quaeri</span> <span class='ocrx_word' id='word_1_51' title='bbox 974 1074 1119 1160; x_wconf 82' lang='lat' dir='ltr'>oportet:</span> <span class='ocrx_word' id='word_1_52' title='bbox 1155 1071 1221 1137; x_wconf 89' lang='lat' dir='ltr'>iam</span> <span class='ocrx_word' id='word_1_53' title='bbox 1244 1094 1285 1138; x_wconf 84' lang='lat' dir='ltr'>cx</span> <span class='ocrx_word' id='word_1_54' title='bbox 1307 1070 1457 1138; x_wconf 84' lang='lat' dir='ltr'>Platonis</span> 
     </span>
     <span class='ocr_line' id='line_1_8' title="bbox 290 1177 1459 1268; baseline -0.002 -24"><span class='ocrx_word' id='word_1_55' title='bbox 290 1178 469 1268; x_wconf 89' lang='lat' dir='ltr'>disciplina</span> <span class='ocrx_word' id='word_1_56' title='bbox 484 1201 553 1246; x_wconf 89' lang='lat' dir='ltr'>rem</span> <span class='ocrx_word' id='word_1_57' title='bbox 569 1179 734 1266; x_wconf 83' lang='lat' dir='ltr'>cognitam</span> <span class='ocrx_word' id='word_1_58' title='bbox 748 1178 871 1246; x_wconf 90' lang='lat' dir='ltr'>habere</span> <span class='ocrx_word' id='word_1_59' title='bbox 887 1178 1006 1266; x_wconf 88' lang='lat' dir='ltr'>potuit,</span> <span class='ocrx_word' id='word_1_60' title='bbox 1035 1178 1092 1244; x_wconf 91' lang='lat' dir='ltr'>ubi</span> <span class='ocrx_word' id='word_1_61' title='bbox 1108 1177 1208 1244; x_wconf 91' lang='lat' dir='ltr'>semel</span> <span class='ocrx_word' id='word_1_62' title='bbox 1223 1182 1324 1266; x_wconf 91' lang='lat' dir='ltr'>atque</span> <span class='ocrx_word' id='word_1_63' title='bbox 1338 1178 1459 1245; x_wconf 90' lang='lat' dir='ltr'>iterum</span> 
     </span>
     <span class='ocr_line' id='line_1_9' title="bbox 289 1284 1457 1374; baseline -0.003 -23"><span class='ocrx_word' id='word_1_64' title='bbox 289 1285 331 1352; x_wconf 94' lang='lat' dir='ltr'>de</span> <span class='ocrx_word' id='word_1_65' title='bbox 354 1285 465 1374; x_wconf 90' lang='lat' dir='ltr'>poetis</span> <span class='ocrx_word' id='word_1_66' title='bbox 501 1285 570 1352; x_wconf 89' lang='lat' dir='ltr'>illis</span> <span class='ocrx_word' id='word_1_67' title='bbox 606 1286 708 1352; x_wconf 91' lang='lat' dir='ltr'>verba</span> <span class='ocrx_word' id='word_1_68' title='bbox 742 1287 832 1352; x_wconf 86' lang='lat' dir='ltr'>iacta</span> <span class='ocrx_word' id='word_1_69' title='bbox 855 1307 928 1352; x_wconf 91' lang='lat' dir='ltr'>esse</span> <span class='ocrx_word' id='word_1_70' title='bbox 964 1285 1083 1352; x_wconf 84' lang='lat' dir='ltr'>docent</span> <span class='ocrx_word' id='word_1_71' title='bbox 1105 1284 1256 1351; x_wconf 86' lang='lat' dir='ltr'>Platonis</span> <span class='ocrx_word' id='word_1_72' title='bbox 1291 1285 1457 1372; x_wconf 80' lang='lat' dir='ltr'>dialogil).</span> 
     </span>
     <span class='ocr_line' id='line_1_10' title="bbox 288 1391 1458 1482; baseline 0 -24"><span class='ocrx_word' id='word_1_73' title='bbox 288 1392 329 1458; x_wconf 89' lang='lat' dir='ltr'>In</span> <span class='ocrx_word' id='word_1_74' title='bbox 354 1391 567 1481; x_wconf 88' lang='lat' dir='ltr'>sequentibus</span> <span class='ocrx_word' id='word_1_75' title='bbox 591 1391 745 1459; x_wconf 78' lang='lat' dir='ltr'>Thessali</span> <span class='ocrx_word' id='word_1_76' title='bbox 773 1414 902 1480; x_wconf 89' lang='lat' dir='ltr'>quoque</span> <span class='ocrx_word' id='word_1_77' title='bbox 925 1391 1046 1458; x_wconf 88' lang='lat' dir='ltr'>mentio</span> <span class='ocrx_word' id='word_1_78' title='bbox 1070 1391 1109 1456; x_wconf 89' lang='lat' dir='ltr'>fit</span> <span class='ocrx_word' id='word_1_79' title='bbox 1131 1395 1266 1481; x_wconf 89' lang='lat' dir='ltr'>praeter</span> <span class='ocrx_word' id='word_1_80' title='bbox 1289 1395 1458 1482; x_wconf 85' lang='lat' dir='ltr'>exspecta·</span> 
     </span>
     <span class='ocr_line' id='line_1_11' title="bbox 287 1499 1458 1589; baseline 0 -24"><span class='ocrx_word' id='word_1_81' title='bbox 287 1499 425 1566; x_wconf 89' lang='lat' dir='ltr'>tionem:</span> <span class='ocrx_word' id='word_1_82' title='bbox 450 1522 525 1566; x_wconf 90' lang='lat' dir='ltr'>nam</span> <span class='ocrx_word' id='word_1_83' title='bbox 541 1501 571 1567; x_wconf 92' lang='lat' dir='ltr'>si</span> <span class='ocrx_word' id='word_1_84' title='bbox 586 1500 693 1589; x_wconf 90' lang='lat' dir='ltr'>prima</span> <span class='ocrx_word' id='word_1_85' title='bbox 707 1501 806 1566; x_wconf 89' lang='lat' dir='ltr'>huius</span> <span class='ocrx_word' id='word_1_86' title='bbox 824 1501 944 1589; x_wconf 87' lang='lat' dir='ltr'>capitis</span> <span class='ocrx_word' id='word_1_87' title='bbox 968 1502 1070 1568; x_wconf 87' lang='lat' dir='ltr'>verba</span> <span class='ocrx_word' id='word_1_88' title='bbox 1085 1501 1241 1588; x_wconf 88' lang='lat' dir='ltr'>pensitas,</span> <span class='ocrx_word' id='word_1_89' title='bbox 1256 1500 1458 1568; x_wconf 83' lang='lat' dir='ltr'>Aristoteles</span> 
     </span>
     <span class='ocr_line' id='line_1_12' title="bbox 286 1607 1458 1697; baseline 0.001 -25"><span class='ocrx_word' id='word_1_90' title='bbox 286 1607 396 1675; x_wconf 89' lang='lat' dir='ltr'>missis</span> <span class='ocrx_word' id='word_1_91' title='bbox 420 1607 557 1696; x_wconf 89' lang='lat' dir='ltr'>reliquis</span> <span class='ocrx_word' id='word_1_92' title='bbox 582 1633 646 1676; x_wconf 92' lang='lat' dir='ltr'>non</span> <span class='ocrx_word' id='word_1_93' title='bbox 670 1609 734 1676; x_wconf 91' lang='lat' dir='ltr'>nisi</span> <span class='ocrx_word' id='word_1_94' title='bbox 757 1609 798 1675; x_wconf 92' lang='lat' dir='ltr'>de</span> <span class='ocrx_word' id='word_1_95' title='bbox 821 1609 946 1697; x_wconf 90' lang='lat' dir='ltr'>Hippia</span> <span class='ocrx_word' id='word_1_96' title='bbox 970 1613 1003 1676; x_wconf 90' lang='lat' dir='ltr'>et</span> <span class='ocrx_word' id='word_1_97' title='bbox 1025 1609 1217 1697; x_wconf 90' lang='lat' dir='ltr'>Hipparcho</span> <span class='ocrx_word' id='word_1_98' title='bbox 1246 1609 1458 1697; x_wconf 83' lang='lat' dir='ltr'>expositurus</span> 
     </span>
     <span class='ocr_line' id='line_1_13' title="bbox 287 1711 1459 1806; baseline -0.004 -26"><span class='ocrx_word' id='word_1_99' title='bbox 287 1714 391 1782; x_wconf 87' lang='lat' dir='ltr'>fuisse</span> <span class='ocrx_word' id='word_1_100' title='bbox 414 1715 478 1782; x_wconf 91' lang='lat' dir='ltr'>tibi</span> <span class='ocrx_word' id='word_1_101' title='bbox 500 1715 676 1796; x_wconf 86' lang='lat' dir='ltr'>videbitur,</span> <span class='ocrx_word' id='word_1_102' title='bbox 709 1716 829 1806; x_wconf 88' lang='lat' dir='ltr'>quippe</span> <span class='ocrx_word' id='word_1_103' title='bbox 855 1715 911 1804; x_wconf 91' lang='lat' dir='ltr'>qui</span> <span class='ocrx_word' id='word_1_104' title='bbox 935 1713 994 1796; x_wconf 76' lang='grc' dir='ltr'>,διὰ</span> <span class='ocrx_word' id='word_1_105' title='bbox 1016 1713 1054 1778; x_wconf 79' lang='grc' dir='ltr'>τὰ</span> <span class='ocrx_word' id='word_1_106' title='bbox 1077 1714 1226 1796; x_wconf 74' lang='grc' dir='ltr'><strong><em>ἀξιώματα</em></strong></span> <span class='ocrx_word' id='word_1_107' title='bbox 1259 1719 1307 1778; x_wconf 74' lang='grc' dir='ltr'>καὶ</span> <span class='ocrx_word' id='word_1_108' title='bbox 1332 1713 1381 1778; x_wconf 75' lang='grc' dir='ltr'>διὰ</span> <span class='ocrx_word' id='word_1_109' title='bbox 1405 1711 1459 1784; x_wconf 78' lang='grc' dir='ltr'>τὰς</span> 
     </span>
     <span class='ocr_line' id='line_1_14' title="bbox 287 1822 1458 1910; baseline 0.003 -26"><span class='ocrx_word' id='word_1_110' title='bbox 287 1825 407 1902; x_wconf 71' lang='grc' dir='ltr'>ἡλικίαςί</span> <span class='ocrx_word' id='word_1_111' title='bbox 431 1822 521 1910; x_wconf 86' lang='lat' dir='ltr'>digni</span> <span class='ocrx_word' id='word_1_112' title='bbox 545 1827 656 1890; x_wconf 86' lang='lat' dir='ltr'>essent</span> <span class='ocrx_word' id='word_1_113' title='bbox 679 1841 819 1905; x_wconf 90' lang='lat' dir='ltr'>quorum</span> <span class='ocrx_word' id='word_1_114' title='bbox 842 1845 949 1890; x_wconf 88' lang='lat' dir='ltr'>mores</span> <span class='ocrx_word' id='word_1_115' title='bbox 978 1826 1012 1889; x_wconf 89' lang='lat' dir='ltr'>et</span> <span class='ocrx_word' id='word_1_116' title='bbox 1038 1822 1128 1890; x_wconf 85' lang='lat' dir='ltr'>facta</span> <span class='ocrx_word' id='word_1_117' title='bbox 1151 1823 1340 1891; x_wconf 77' lang='lat' dir='ltr'>accuratius</span> <span class='ocrx_word' id='word_1_118' title='bbox 1365 1843 1458 1888; x_wconf 90' lang='lat' dir='ltr'>enar·</span> 
     </span>
     <span class='ocr_line' id='line_1_15' title="bbox 186 1917 1459 2020; baseline -0.002 -24"><span class='ocrx_word' id='word_1_119' title='bbox 186 1917 190 1924; x_wconf 48' lang='lat'>¹</span> <span class='ocrx_word' id='word_1_120' title='bbox 287 1933 388 1997; x_wconf 89' lang='lat' dir='ltr'>raret.</span> <span class='ocrx_word' id='word_1_121' title='bbox 436 1929 473 1998; x_wconf 86' lang='lat' dir='ltr'>Si</span> <span class='ocrx_word' id='word_1_122' title='bbox 495 1933 608 1997; x_wconf 86' lang='lat' dir='ltr'>tamen</span> <span class='ocrx_word' id='word_1_123' title='bbox 631 1928 812 1997; x_wconf 85' lang='lat' dir='ltr'>Thessalus</span> <span class='ocrx_word' id='word_1_124' title='bbox 842 1953 970 2020; x_wconf 91' lang='lat' dir='ltr'>quoque</span> <span class='ocrx_word' id='word_1_125' title='bbox 999 1935 1280 2015; x_wconf 88' lang='lat' dir='ltr'>commemoratur,</span> <span class='ocrx_word' id='word_1_126' title='bbox 1304 1934 1363 1998; x_wconf 90' lang='lat' dir='ltr'>tuo</span> <span class='ocrx_word' id='word_1_127' title='bbox 1386 1929 1459 1995; x_wconf 88' lang='lat' dir='ltr'>iure</span> 
     </span>
     <span class='ocr_line' id='line_1_16' title="bbox 287 2034 1459 2122; baseline -0.003 -18"><span class='ocrx_word' id='word_1_128' title='bbox 287 2036 436 2105; x_wconf 87' lang='lat' dir='ltr'>conicias</span> <span class='ocrx_word' id='word_1_129' title='bbox 460 2040 565 2107; x_wconf 87' lang='lat' dir='ltr'>verba</span> <span class='ocrx_word' id='word_1_130' title='bbox 588 2043 680 2106; x_wconf 88' lang='lat' dir='ltr'>certo</span> <span class='ocrx_word' id='word_1_131' title='bbox 704 2040 843 2120; x_wconf 83' lang='lat' dir='ltr'>quodam</span> <span class='ocrx_word' id='word_1_132' title='bbox 868 2039 1002 2107; x_wconf 90' lang='lat' dir='ltr'>consilio</span> <span class='ocrx_word' id='word_1_133' title='bbox 1027 2059 1085 2120; x_wconf 87' lang='lat' dir='ltr'>per</span> <span class='ocrx_word' id='word_1_134' title='bbox 1109 2039 1320 2122; x_wconf 85' lang='lat' dir='ltr'>parenthesin</span> <span class='ocrx_word' id='word_1_135' title='bbox 1344 2034 1459 2104; x_wconf 87' lang='lat' dir='ltr'>addita</span> 
     </span>
     <span class='ocr_line' id='line_1_17' title="bbox 288 2143 1459 2229; baseline -0.005 -17"><span class='ocrx_word' id='word_1_136' title='bbox 288 2165 369 2213; x_wconf 90' lang='lat' dir='ltr'>esse.</span> <span class='ocrx_word' id='word_1_137' title='bbox 417 2146 613 2229; x_wconf 88' lang='lat' dir='ltr'>Appellatur</span> <span class='ocrx_word' id='word_1_138' title='bbox 636 2146 815 2213; x_wconf 81' lang='lat' dir='ltr'>Thessalus</span> <span class='ocrx_word' id='word_1_139' title='bbox 853 2145 997 2229; x_wconf 63' lang='grc' dir='ltr'>ίνεώτερος</span> <span class='ocrx_word' id='word_1_140' title='bbox 1019 2144 1103 2208; x_wconf 76' lang='lat' dir='ltr'>aott&#39;</span> <span class='ocrx_word' id='word_1_141' title='bbox 1140 2150 1173 2212; x_wconf 91' lang='lat' dir='ltr'>et</span> <span class='ocrx_word' id='word_1_142' title='bbox 1207 2146 1380 2228; x_wconf 88' lang='lat' dir='ltr'>opponitur</span> <span class='ocrx_word' id='word_1_143' title='bbox 1410 2143 1459 2207; x_wconf 86' lang='lat' dir='ltr'>ita</span> 
     </span>
     <span class='ocr_line' id='line_1_18' title="bbox 288 2250 1457 2339; baseline -0.008 -17"><span class='ocrx_word' id='word_1_144' title='bbox 288 2252 429 2336; x_wconf 83' lang='lat' dir='ltr'>Hippiae</span> <span class='ocrx_word' id='word_1_145' title='bbox 443 2257 476 2319; x_wconf 92' lang='lat' dir='ltr'>et</span> <span class='ocrx_word' id='word_1_146' title='bbox 489 2252 689 2336; x_wconf 84' lang='lat' dir='ltr'>Hipparcho,</span> <span class='ocrx_word' id='word_1_147' title='bbox 705 2255 759 2334; x_wconf 88' lang='lat' dir='ltr'>qui</span> <span class='ocrx_word' id='word_1_148' title='bbox 774 2250 830 2339; x_wconf 45' lang='lat' dir='ltr'>‘od</span> <span class='ocrx_word' id='word_1_149' title='bbox 842 2251 895 2324; x_wconf 71' lang='grc' dir='ltr'>τὰς</span> <span class='ocrx_word' id='word_1_150' title='bbox 911 2251 1066 2332; x_wconf 62' lang='lat' dir='ltr'>tristor</span> <span class='ocrx_word' id='word_1_151' title='bbox 1084 2251 1255 2334; x_wconf 90' lang='lat' dir='ltr'>imperium</span> <span class='ocrx_word' id='word_1_152' title='bbox 1271 2254 1457 2318; x_wconf 86' lang='lat' dir='ltr'>tenuerunt.</span> 
     </span>
     <span class='ocr_line' id='line_1_19' title="bbox 288 2356 1460 2444; baseline -0.006 -18"><span class='ocrx_word' id='word_1_153' title='bbox 288 2359 431 2427; x_wconf 88' lang='lat' dir='ltr'>Videtur</span> <span class='ocrx_word' id='word_1_154' title='bbox 454 2359 557 2444; x_wconf 86' lang='lat' dir='ltr'>igitur</span> <span class='ocrx_word' id='word_1_155' title='bbox 581 2358 688 2426; x_wconf 87' lang='lat' dir='ltr'>refelli</span> <span class='ocrx_word' id='word_1_156' title='bbox 713 2359 821 2442; x_wconf 92' lang='lat' dir='ltr'>opinio</span> <span class='ocrx_word' id='word_1_157' title='bbox 846 2377 965 2442; x_wconf 88' lang='lat' dir='ltr'>eorum,</span> <span class='ocrx_word' id='word_1_158' title='bbox 1007 2357 1062 2439; x_wconf 90' lang='lat' dir='ltr'>qui</span> <span class='ocrx_word' id='word_1_159' title='bbox 1097 2356 1184 2424; x_wconf 90' lang='lat' dir='ltr'>inter</span> <span class='ocrx_word' id='word_1_160' title='bbox 1208 2358 1402 2425; x_wconf 81' lang='lat' dir='ltr'>Thessalum</span> <span class='ocrx_word' id='word_1_161' title='bbox 1426 2361 1460 2420; x_wconf 89' lang='lat' dir='ltr'>et</span> 
     </span>
     <span class='ocr_line' id='line_1_20' title="bbox 288 2465 1458 2550; baseline -0.004 -18"><span class='ocrx_word' id='word_1_162' title='bbox 288 2466 371 2533; x_wconf 88' lang='lat' dir='ltr'>filios</span> <span class='ocrx_word' id='word_1_163' title='bbox 388 2465 553 2550; x_wconf 84' lang='lat' dir='ltr'>legitimos</span> <span class='ocrx_word' id='word_1_164' title='bbox 570 2465 745 2536; x_wconf 86' lang='lat' dir='ltr'>discrimen</span> <span class='ocrx_word' id='word_1_165' title='bbox 761 2484 855 2532; x_wconf 91' lang='lat' dir='ltr'>omne</span> <span class='ocrx_word' id='word_1_166' title='bbox 871 2465 1075 2533; x_wconf 84' lang='lat' dir='ltr'>sustulerint.</span> <span class='ocrx_word' id='word_1_167' title='bbox 1099 2467 1171 2532; x_wconf 92' lang='lat' dir='ltr'>Hoc</span> <span class='ocrx_word' id='word_1_168' title='bbox 1187 2470 1338 2532; x_wconf 82' lang='lat' dir='ltr'>tenentes</span> <span class='ocrx_word' id='word_1_169' title='bbox 1354 2481 1458 2532; x_wconf 86' lang='lat' dir='ltr'>reeor-</span> 
     </span>
     <span class='ocr_line' id='line_1_21' title="bbox 288 2570 1458 2660; baseline -0.005 -20"><span class='ocrx_word' id='word_1_170' title='bbox 288 2575 403 2641; x_wconf 87' lang='lat' dir='ltr'>damur</span> <span class='ocrx_word' id='word_1_171' title='bbox 415 2572 669 2660; x_wconf 58' lang='lat' dir='ltr'>Thucydidem)</span> <span class='ocrx_word' id='word_1_172' title='bbox 693 2593 805 2640; x_wconf 90' lang='lat' dir='ltr'>omnes</span> <span class='ocrx_word' id='word_1_173' title='bbox 829 2581 895 2641; x_wconf 86' lang='lat' dir='ltr'>tres</span> <span class='ocrx_word' id='word_1_174' title='bbox 919 2574 1003 2641; x_wconf 87' lang='lat' dir='ltr'>iiiios</span> <span class='ocrx_word' id='word_1_175' title='bbox 1026 2592 1088 2640; x_wconf 92' lang='lat' dir='ltr'>uno</span> <span class='ocrx_word' id='word_1_176' title='bbox 1105 2572 1219 2639; x_wconf 89' lang='lat' dir='ltr'>ordine</span> <span class='ocrx_word' id='word_1_177' title='bbox 1237 2570 1458 2642; x_wconf 88' lang='lat' dir='ltr'>nominavisse</span> 
     </span>
     <span class='ocr_line' id='line_1_22' title="bbox 289 2675 1459 2764; baseline -0.004 -18"><span class='ocrx_word' id='word_1_178' title='bbox 289 2689 322 2748; x_wconf 87' lang='lat' dir='ltr'>et</span> <span class='ocrx_word' id='word_1_179' title='bbox 345 2680 431 2748; x_wconf 91' lang='lat' dir='ltr'>inter</span> <span class='ocrx_word' id='word_1_180' title='bbox 455 2699 489 2747; x_wconf 91' lang='lat' dir='ltr'>se</span> <span class='ocrx_word' id='word_1_181' title='bbox 506 2697 604 2764; x_wconf 89' lang='lat' dir='ltr'>pares</span> <span class='ocrx_word' id='word_1_182' title='bbox 620 2680 784 2748; x_wconf 87' lang='lat' dir='ltr'>habuisse.</span> <span class='ocrx_word' id='word_1_183' title='bbox 821 2680 1005 2750; x_wconf 79' lang='lat' dir='ltr'>concludas</span> <span class='ocrx_word' id='word_1_184' title='bbox 1022 2680 1122 2764; x_wconf 84' lang='lat' dir='ltr'>igitur</span> <span class='ocrx_word' id='word_1_185' title='bbox 1137 2698 1202 2746; x_wconf 91' lang='lat' dir='ltr'>non</span> <span class='ocrx_word' id='word_1_186' title='bbox 1218 2679 1287 2747; x_wconf 91' lang='lat' dir='ltr'>sine</span> <span class='ocrx_word' id='word_1_187' title='bbox 1304 2675 1459 2748; x_wconf 87' lang='lat' dir='ltr'>veritatis</span> 
     </span>
     <span class='ocr_line' id='line_1_23' title="bbox 288 2785 1459 2872; baseline -0.003 -19"><span class='ocrx_word' id='word_1_188' title='bbox 288 2786 395 2869; x_wconf 89' lang='lat' dir='ltr'>specie</span> <span class='ocrx_word' id='word_1_189' title='bbox 426 2787 512 2854; x_wconf 89' lang='lat' dir='ltr'>hanc</span> <span class='ocrx_word' id='word_1_190' title='bbox 536 2788 738 2870; x_wconf 78' lang='lat' dir='ltr'>Thucydidis</span> <span class='ocrx_word' id='word_1_191' title='bbox 770 2787 954 2872; x_wconf 89' lang='lat' dir='ltr'>opinionem</span> <span class='ocrx_word' id='word_1_192' title='bbox 995 2786 1207 2854; x_wconf 85' lang='lat' dir='ltr'>Aristotelem</span> <span class='ocrx_word' id='word_1_193' title='bbox 1247 2787 1290 2854; x_wconf 88' lang='lat' dir='ltr'>ad</span> <span class='ocrx_word' id='word_1_194' title='bbox 1330 2785 1459 2854; x_wconf 89' lang='lat' dir='ltr'>irritum</span> 
     </span>
     <span class='ocr_line' id='line_1_24' title="bbox 288 2893 1460 2979; baseline -0.004 -19"><span class='ocrx_word' id='word_1_195' title='bbox 288 2894 438 2979; x_wconf 86' lang='lat' dir='ltr'>redigere</span> <span class='ocrx_word' id='word_1_196' title='bbox 462 2894 614 2962; x_wconf 88' lang='lat' dir='ltr'>voluisse.</span> <span class='ocrx_word' id='word_1_197' title='bbox 662 2896 779 2978; x_wconf 86' lang='lat' dir='ltr'>Itaque</span> <span class='ocrx_word' id='word_1_198' title='bbox 815 2895 843 2962; x_wconf 91' lang='lat' dir='ltr'>si</span> <span class='ocrx_word' id='word_1_199' title='bbox 877 2900 968 2962; x_wconf 88' lang='lat' dir='ltr'>recte</span> <span class='ocrx_word' id='word_1_200' title='bbox 1003 2897 1143 2959; x_wconf 87' lang='lat' dir='ltr'>mentem</span> <span class='ocrx_word' id='word_1_201' title='bbox 1181 2893 1365 2977; x_wconf 90' lang='lat' dir='ltr'>philosophi</span> <span class='ocrx_word' id='word_1_202' title='bbox 1389 2909 1460 2975; x_wconf 93' lang='lat' dir='ltr'>per-</span> 
     </span>
    </p>
   </div>
   <div class='ocr_carea' id='block_1_3' title="bbox 287 2995 1458 3624">
    <p class='ocr_par' dir='ltr' id='par_1_3' title="bbox 287 2995 1458 3624">
     <span class='ocr_line' id='line_1_25' title="bbox 288 2995 1458 3086; baseline -0.006 -18"><span class='ocrx_word' id='word_1_203' title='bbox 288 3001 461 3086; x_wconf 86' lang='lat' dir='ltr'>speximus,</span> <span class='ocrx_word' id='word_1_204' title='bbox 486 3004 566 3070; x_wconf 91' lang='lat' dir='ltr'>haec</span> <span class='ocrx_word' id='word_1_205' title='bbox 590 3001 687 3069; x_wconf 83' lang='lat' dir='ltr'>dixit:</span> <span class='ocrx_word' id='word_1_206' title='bbox 713 3005 753 3071; x_wconf 88' lang='lat' dir='ltr'>de</span> <span class='ocrx_word' id='word_1_207' title='bbox 770 3002 891 3086; x_wconf 87' lang='lat' dir='ltr'>Hippia</span> <span class='ocrx_word' id='word_1_208' title='bbox 915 3007 948 3068; x_wconf 89' lang='lat' dir='ltr'>et</span> <span class='ocrx_word' id='word_1_209' title='bbox 964 2999 1153 3084; x_wconf 89' lang='lat' dir='ltr'>Hipparcho</span> <span class='ocrx_word' id='word_1_210' title='bbox 1170 3001 1231 3068; x_wconf 90' lang='lat' dir='ltr'>hoc</span> <span class='ocrx_word' id='word_1_211' title='bbox 1247 3005 1282 3067; x_wconf 91' lang='lat' dir='ltr'>et</span> <span class='ocrx_word' id='word_1_212' title='bbox 1297 3001 1361 3070; x_wconf 92' lang='lat' dir='ltr'>hoc</span> <span class='ocrx_word' id='word_1_213' title='bbox 1377 2995 1458 3066; x_wconf 90' lang='lat' dir='ltr'>iudi-</span> 
     </span>
     <span class='ocr_line' id='line_1_26' title="bbox 288 3093 1457 3194; baseline -0.008 -17"><span class='ocrx_word' id='word_1_214' title='bbox 288 3110 424 3177; x_wconf 88' lang='lat' dir='ltr'>candum</span> <span class='ocrx_word' id='word_1_215' title='bbox 449 3115 508 3192; x_wconf 86' lang='lat' dir='ltr'>est,</span> <span class='ocrx_word' id='word_1_216' title='bbox 545 3110 722 3178; x_wconf 79' lang='lat' dir='ltr'>Thessalus</span> <span class='ocrx_word' id='word_1_217' title='bbox 757 3115 877 3194; x_wconf 86' lang='lat' dir='ltr'>autem,</span> <span class='ocrx_word' id='word_1_218' title='bbox 914 3125 1008 3190; x_wconf 83' lang='lat' dir='ltr'>quern</span> <span class='ocrx_word' id='word_1_219' title='bbox 1032 3107 1239 3192; x_wconf 81' lang='lat' dir='ltr'>Thucydides</span> <span class='ocrx_word' id='word_1_220' title='bbox 1272 3093 1322 3176; x_wconf 62' lang='lat' dir='ltr'>in‘</span> <span class='ocrx_word' id='word_1_221' title='bbox 1343 3106 1457 3175; x_wconf 87' lang='lat' dir='ltr'>eodem</span> 
     </span>
     <span class='ocr_line' id='line_1_27' title="bbox 289 3213 1458 3301; baseline -0.005 -19"><span class='ocrx_word' id='word_1_222' title='bbox 289 3215 462 3298; x_wconf 86' lang='lat' dir='ltr'>dignitatis</span> <span class='ocrx_word' id='word_1_223' title='bbox 487 3216 670 3298; x_wconf 84' lang='lat' dir='ltr'>aetatisque</span> <span class='ocrx_word' id='word_1_224' title='bbox 698 3217 804 3301; x_wconf 83' lang='lat' dir='ltr'>gradu</span> <span class='ocrx_word' id='word_1_225' title='bbox 831 3213 1014 3296; x_wconf 86' lang='lat' dir='ltr'>collocavit,</span> <span class='ocrx_word' id='word_1_226' title='bbox 1040 3216 1141 3282; x_wconf 90' lang='lat' dir='ltr'>multo</span> <span class='ocrx_word' id='word_1_227' title='bbox 1162 3217 1267 3282; x_wconf 86' lang='lat' dir='ltr'>minor</span> <span class='ocrx_word' id='word_1_228' title='bbox 1291 3214 1458 3283; x_wconf 87' lang='lat' dir='ltr'>eratnatu</span> 
     </span>
     <span class='ocr_line' id='line_1_28' title="bbox 287 3321 1390 3409; baseline -0.003 -20"><span class='ocrx_word' id='word_1_229' title='bbox 287 3341 391 3404; x_wconf 89' lang='lat' dir='ltr'>neque</span> <span class='ocrx_word' id='word_1_230' title='bbox 415 3323 525 3407; x_wconf 82' lang='lat' dir='ltr'>magni</span> <span class='ocrx_word' id='word_1_231' title='bbox 549 3323 783 3407; x_wconf 87' lang='lat' dir='ltr'>aestimandus,</span> <span class='ocrx_word' id='word_1_232' title='bbox 809 3324 884 3403; x_wconf 87' lang='lat' dir='ltr'>quia</span> <span class='ocrx_word' id='word_1_233' title='bbox 908 3323 1016 3388; x_wconf 84' lang='lat' dir='ltr'>audax</span> <span class='ocrx_word' id='word_1_234' title='bbox 1039 3327 1112 3388; x_wconf 88' lang='lat' dir='ltr'>erat</span> <span class='ocrx_word' id='word_1_235' title='bbox 1135 3329 1168 3390; x_wconf 89' lang='lat' dir='ltr'>et</span> <span class='ocrx_word' id='word_1_236' title='bbox 1191 3321 1390 3409; x_wconf 67' lang='lat' dir='ltr'>superhusss).</span> 
     </span>
     <span class='ocr_line' id='line_1_29' title="bbox 377 3427 1455 3514; baseline -0.01 -16"><span class='ocrx_word' id='word_1_237' title='bbox 377 3430 518 3498; x_wconf 89' lang='lat' dir='ltr'>Accedit</span> <span class='ocrx_word' id='word_1_238' title='bbox 535 3432 626 3513; x_wconf 88' lang='lat' dir='ltr'>quod,</span> <span class='ocrx_word' id='word_1_239' title='bbox 644 3431 673 3498; x_wconf 91' lang='lat' dir='ltr'>si</span> <span class='ocrx_word' id='word_1_240' title='bbox 687 3431 770 3498; x_wconf 86' lang='lat' dir='ltr'>hoec</span> <span class='ocrx_word' id='word_1_241' title='bbox 786 3449 844 3513; x_wconf 91' lang='lat' dir='ltr'>per</span> <span class='ocrx_word' id='word_1_242' title='bbox 857 3428 1068 3512; x_wconf 86' lang='lat' dir='ltr'>parenthesin</span> <span class='ocrx_word' id='word_1_243' title='bbox 1080 3429 1193 3497; x_wconf 90' lang='lat' dir='ltr'>addita</span> <span class='ocrx_word' id='word_1_244' title='bbox 1210 3448 1282 3497; x_wconf 91' lang='lat' dir='ltr'>esse</span> <span class='ocrx_word' id='word_1_245' title='bbox 1297 3427 1455 3514; x_wconf 77' lang='lat' dir='ltr'>ponimus,</span> 
     </span>
     <span class='ocr_line' id='line_1_30' title="bbox 287 3533 1456 3624; baseline -0.014 -16"><span class='ocrx_word' id='word_1_246' title='bbox 287 3541 390 3608; x_wconf 90' lang='lat' dir='ltr'>verba</span> <span class='ocrx_word' id='word_1_247' title='bbox 428 3540 598 3620; x_wconf 88' lang='lat' dir='ltr'>sequeutia</span> <span class='ocrx_word' id='word_1_248' title='bbox 637 3535 745 3624; x_wconf 42' lang='lat' dir='ltr'>‘dp&#39;oi&#39;</span> <span class='ocrx_word' id='word_1_249' title='bbox 788 3538 920 3605; x_wconf 89' lang='lat' dir='ltr'>meliore</span> <span class='ocrx_word' id='word_1_250' title='bbox 965 3556 1111 3606; x_wconf 86' lang='lat' dir='ltr'>connexu</span> <span class='ocrx_word' id='word_1_251' title='bbox 1151 3539 1192 3606; x_wconf 90' lang='lat' dir='ltr'>ad</span> <span class='ocrx_word' id='word_1_252' title='bbox 1230 3533 1456 3622; x_wconf 87' lang='lat' dir='ltr'>Hipparchum</span> 
     </span>
    </p>
   </div>
   <div class='ocr_carea' id='block_1_4' title="bbox 286 3687 1455 4471">
    <p class='ocr_par' dir='ltr' id='par_1_4' title="bbox 287 3687 1455 4024">
     <span class='ocr_line' id='line_1_31' title="bbox 377 3687 1455 3768; baseline -0.012 -14"><span class='ocrx_word' id='word_1_253' title='bbox 377 3700 396 3768; x_wconf 87' lang='lat'>¹)</span> <span class='ocrx_word' id='word_1_254' title='bbox 415 3699 561 3754; x_wconf 80' lang='lat' dir='ltr'>Simonides</span> <span class='ocrx_word' id='word_1_255' title='bbox 594 3701 827 3754; x_wconf 84' lang='lat' dir='ltr'>commemoratur:</span> <span class='ocrx_word' id='word_1_256' title='bbox 858 3699 961 3768; x_wconf 87' lang='lat' dir='ltr'>Protag.</span> <span class='ocrx_word' id='word_1_257' title='bbox 981 3700 1032 3755; x_wconf 89' lang='grc'>316</span> <span class='ocrx_word' id='word_1_258' title='bbox 1051 3700 1084 3754; x_wconf 88' lang='grc' dir='ltr'>Ι).</span> <span class='ocrx_word' id='word_1_259' title='bbox 1103 3699 1156 3754; x_wconf 82' lang='grc'>339</span> <span class='ocrx_word' id='word_1_260' title='bbox 1176 3701 1206 3754; x_wconf 84' lang='lat' dir='ltr'>A.</span> <span class='ocrx_word' id='word_1_261' title='bbox 1225 3697 1291 3767; x_wconf 85' lang='lat' dir='ltr'>Rsp.</span> <span class='ocrx_word' id='word_1_262' title='bbox 1310 3697 1331 3765; x_wconf 80' lang='grc' dir='ltr'>Ι,</span> <span class='ocrx_word' id='word_1_263' title='bbox 1352 3692 1403 3747; x_wconf 82' lang='grc'>331</span> <span class='ocrx_word' id='word_1_264' title='bbox 1423 3687 1455 3740; x_wconf 89' lang='grc' dir='ltr'>Ι).</span> 
     </span>
     <span class='ocr_line' id='line_1_32' title="bbox 287 3775 1455 3857; baseline -0.002 -17"><span class='ocrx_word' id='word_1_265' title='bbox 287 3803 326 3856; x_wconf 86' lang='lat' dir='ltr'>sq.</span> <span class='ocrx_word' id='word_1_266' title='bbox 355 3791 505 3846; x_wconf 79' lang='lat' dir='ltr'>Anacreon:</span> <span class='ocrx_word' id='word_1_267' title='bbox 539 3789 643 3846; x_wconf 80' lang='lat' dir='ltr'>Charm.</span> <span class='ocrx_word' id='word_1_268' title='bbox 669 3790 719 3845; x_wconf 74' lang='lat'>157</span> <span class='ocrx_word' id='word_1_269' title='bbox 739 3789 768 3842; x_wconf 80' lang='lat' dir='ltr'>E.</span> <span class='ocrx_word' id='word_1_270' title='bbox 797 3787 908 3842; x_wconf 88' lang='lat' dir='ltr'>Phaedr.</span> <span class='ocrx_word' id='word_1_271' title='bbox 941 3788 993 3845; x_wconf 85' lang='lat'>235</span> <span class='ocrx_word' id='word_1_272' title='bbox 1013 3787 1041 3843; x_wconf 79' lang='lat' dir='ltr'>G.</span> <span class='ocrx_word' id='word_1_273' title='bbox 1069 3787 1178 3857; x_wconf 88' lang='lat' dir='ltr'>eiusque</span> <span class='ocrx_word' id='word_1_274' title='bbox 1211 3803 1272 3841; x_wconf 89' lang='lat' dir='ltr'>cum</span> <span class='ocrx_word' id='word_1_275' title='bbox 1304 3775 1455 3851; x_wconf 74' lang='lat' dir='ltr'>Hipparcho</span> 
     </span>
     <span class='ocr_line' id='line_1_33' title="bbox 287 3863 1455 3947; baseline -0.003 -17"><span class='ocrx_word' id='word_1_276' title='bbox 287 3877 473 3933; x_wconf 88' lang='lat' dir='ltr'>commercium</span> <span class='ocrx_word' id='word_1_277' title='bbox 492 3878 520 3932; x_wconf 91' lang='lat' dir='ltr'>in</span> <span class='ocrx_word' id='word_1_278' title='bbox 538 3878 679 3934; x_wconf 81' lang='lat' dir='ltr'>Academia</span> <span class='ocrx_word' id='word_1_279' title='bbox 709 3879 848 3932; x_wconf 84' lang='lat' dir='ltr'>tractatum</span> <span class='ocrx_word' id='word_1_280' title='bbox 876 3892 934 3932; x_wconf 89' lang='lat' dir='ltr'>esse</span> <span class='ocrx_word' id='word_1_281' title='bbox 962 3876 1092 3947; x_wconf 83' lang='lat' dir='ltr'>colligitur</span> <span class='ocrx_word' id='word_1_282' title='bbox 1110 3893 1144 3932; x_wconf 88' lang='lat' dir='ltr'>ex</span> <span class='ocrx_word' id='word_1_283' title='bbox 1163 3877 1206 3934; x_wconf 89' lang='lat' dir='ltr'>Ps.</span> <span class='ocrx_word' id='word_1_284' title='bbox 1226 3875 1292 3932; x_wconf 85' lang='lat' dir='ltr'>Plat.</span> <span class='ocrx_word' id='word_1_285' title='bbox 1313 3863 1455 3940; x_wconf 71' lang='lat' dir='ltr'>Hipparch-</span> 
     </span>
     <span class='ocr_line' id='line_1_34' title="bbox 287 3967 392 4024; baseline 0.029 -4"><span class='ocrx_word' id='word_1_286' title='bbox 287 3967 339 4024; x_wconf 79' lang='lat'>228</span> <span class='ocrx_word' id='word_1_287' title='bbox 364 3967 392 4023; x_wconf 84' lang='lat' dir='ltr'>C.</span> 
     </span>
    </p>

    <p class='ocr_par' dir='ltr' id='par_1_5' title="bbox 377 4056 1099 4126">
     <span class='ocr_line' id='line_1_35' title="bbox 377 4056 1099 4126; baseline -0.003 -16"><span class='ocrx_word' id='word_1_288' title='bbox 377 4057 397 4126; x_wconf 84' lang='lat'>²)</span> <span class='ocrx_word' id='word_1_289' title='bbox 417 4056 487 4112; x_wconf 88' lang='lat' dir='ltr'>looos</span> <span class='ocrx_word' id='word_1_290' title='bbox 505 4057 667 4126; x_wconf 80' lang='lat' dir='ltr'>Thucydidis</span> <span class='ocrx_word' id='word_1_291' title='bbox 687 4058 879 4125; x_wconf 87' lang='lat' dir='ltr'>exscripsimus</span> <span class='ocrx_word' id='word_1_292' title='bbox 898 4074 923 4126; x_wconf 90' lang='lat' dir='ltr'>p.</span> <span class='ocrx_word' id='word_1_293' title='bbox 943 4057 976 4113; x_wconf 83' lang='grc'>17</span> <span class='ocrx_word' id='word_1_294' title='bbox 996 4057 1055 4112; x_wconf 88' lang='lat' dir='ltr'>adn.</span> <span class='ocrx_word' id='word_1_295' title='bbox 1074 4057 1099 4113; x_wconf 82' lang='lat'>7.</span> 
     </span>
    </p>

    <p class='ocr_par' dir='ltr' id='par_1_6' title="bbox 286 4125 1454 4471">
     <span class='ocr_line' id='line_1_36' title="bbox 378 4125 1454 4216; baseline -0.017 -16"><span class='ocrx_word' id='word_1_296' title='bbox 378 4146 398 4214; x_wconf 72' lang='lat'>³)</span> <span class='ocrx_word' id='word_1_297' title='bbox 417 4146 460 4200; x_wconf 78' lang='lat' dir='ltr'>rr.</span> <span class='ocrx_word' id='word_1_298' title='bbox 479 4145 566 4200; x_wconf 89' lang='lat' dir='ltr'>Ruehl</span> <span class='ocrx_word' id='word_1_299' title='bbox 590 4147 634 4216; x_wconf 89' lang='lat' dir='ltr'>qui</span> <span class='ocrx_word' id='word_1_300' title='bbox 663 4147 690 4199; x_wconf 93' lang='lat' dir='ltr'>in</span> <span class='ocrx_word' id='word_1_301' title='bbox 708 4146 777 4201; x_wconf 85' lang='lat' dir='ltr'>Mus.</span> <span class='ocrx_word' id='word_1_302' title='bbox 796 4145 881 4201; x_wconf 85' lang='lat' dir='ltr'>Rheu.</span> <span class='ocrx_word' id='word_1_303' title='bbox 911 4145 961 4204; x_wconf 83' lang='lat' dir='ltr'>vol.</span> <span class='ocrx_word' id='word_1_304' title='bbox 982 4145 1017 4201; x_wconf 92' lang='grc'>46</span> <span class='ocrx_word' id='word_1_305' title='bbox 1042 4147 1075 4215; x_wconf 89' lang='lat' dir='ltr'>(a.</span> <span class='ocrx_word' id='word_1_306' title='bbox 1097 4143 1176 4213; x_wconf 84' lang='grc'>1891)</span> <span class='ocrx_word' id='word_1_307' title='bbox 1204 4161 1228 4213; x_wconf 86' lang='lat' dir='ltr'>p.</span> <span class='ocrx_word' id='word_1_308' title='bbox 1248 4143 1301 4202; x_wconf 83' lang='grc'>436</span> <span class='ocrx_word' id='word_1_309' title='bbox 1320 4125 1454 4193; x_wconf 80' lang='lat' dir='ltr'>Aristoteli</span> 
     </span>
     <span class='ocr_line' id='line_1_37' title="bbox 287 4226 1454 4306; baseline -0.009 -18"><span class='ocrx_word' id='word_1_310' title='bbox 287 4234 425 4303; x_wconf 91' lang='lat' dir='ltr'>opprobrio</span> <span class='ocrx_word' id='word_1_311' title='bbox 443 4234 522 4304; x_wconf 84' lang='lat' dir='ltr'>dedit,</span> <span class='ocrx_word' id='word_1_312' title='bbox 541 4236 610 4304; x_wconf 85' lang='lat' dir='ltr'>quod</span> <span class='ocrx_word' id='word_1_313' title='bbox 630 4236 662 4290; x_wconf 90' lang='lat' dir='ltr'>de</span> <span class='ocrx_word' id='word_1_314' title='bbox 680 4236 818 4306; x_wconf 86' lang='lat' dir='ltr'>Jophontis</span> <span class='ocrx_word' id='word_1_315' title='bbox 838 4235 942 4306; x_wconf 83' lang='lat' dir='ltr'>ingenio</span> <span class='ocrx_word' id='word_1_316' title='bbox 960 4234 1025 4288; x_wconf 89' lang='lat' dir='ltr'>nihil</span> <span class='ocrx_word' id='word_1_317' title='bbox 1043 4235 1167 4304; x_wconf 84' lang='lat' dir='ltr'>attulerit,</span> <span class='ocrx_word' id='word_1_318' title='bbox 1186 4233 1316 4289; x_wconf 82' lang='lat' dir='ltr'>refellitur</span> <span class='ocrx_word' id='word_1_319' title='bbox 1335 4226 1373 4280; x_wconf 90' lang='lat' dir='ltr'>eis</span> <span class='ocrx_word' id='word_1_320' title='bbox 1387 4233 1454 4290; x_wconf 77' lang='lat' dir='ltr'>quae</span> 
     </span>
     <span class='ocr_line' id='line_1_38' title="bbox 287 4306 1454 4396; baseline 0.003 -19"><span class='ocrx_word' id='word_1_321' title='bbox 287 4340 367 4393; x_wconf 84' lang='lat' dir='ltr'>supra</span> <span class='ocrx_word' id='word_1_322' title='bbox 385 4324 574 4393; x_wconf 85' lang='lat' dir='ltr'>exposuimus:</span> <span class='ocrx_word' id='word_1_323' title='bbox 602 4341 635 4380; x_wconf 87' lang='lat' dir='ltr'>na</span> <span class='ocrx_word' id='word_1_324' title='bbox 653 4325 770 4382; x_wconf 77' lang='lat' dir='ltr'>Thessali</span> <span class='ocrx_word' id='word_1_325' title='bbox 789 4327 895 4396; x_wconf 89' lang='lat' dir='ltr'>quidem</span> <span class='ocrx_word' id='word_1_326' title='bbox 924 4325 1021 4380; x_wconf 86' lang='lat' dir='ltr'>mentio</span> <span class='ocrx_word' id='word_1_327' title='bbox 1041 4326 1109 4380; x_wconf 84' lang='lat' dir='ltr'>iacta</span> <span class='ocrx_word' id='word_1_328' title='bbox 1137 4327 1208 4379; x_wconf 86' lang='lat' dir='ltr'>esset</span> <span class='ocrx_word' id='word_1_329' title='bbox 1226 4322 1277 4376; x_wconf 90' lang='lat' dir='ltr'>nisi</span> <span class='ocrx_word' id='word_1_330' title='bbox 1295 4306 1454 4379; x_wconf 63' lang='lat' dir='ltr'>Thucydi&lt;iis</span> 
     </span>
     <span class='ocr_line' id='line_1_39' title="bbox 286 4412 502 4471; baseline 0.005 -2"><span class='ocrx_word' id='word_1_331' title='bbox 286 4413 386 4470; x_wconf 81' lang='lat' dir='ltr'>ratione</span> <span class='ocrx_word' id='word_1_332' title='bbox 405 4412 502 4471; x_wconf 83' lang='lat' dir='ltr'>habita.</span> 
     </span>
    </p>
   </div>
   <div class='ocr_carea' id='block_1_5' title="bbox 0 0 1576 4826">
    <p class='ocr_par' dir='ltr' id='par_1_7' title="bbox 0 0 1576 4826">
     <span class='ocr_line' id='line_1_40' title="bbox 0 0 1576 4826; baseline 0 0"><span class='ocrx_word' id='word_1_333' title='bbox 0 0 1576 4826; x_wconf 95' lang='lat' dir='ltr'> </span> 
     </span>
    </p>
   </div>
  </div>
 </body>
</html>
