3144 4826
767 318 809 384 54

207 515 255 583 ita
278 516 330 583 hic
354 534 479 598 qnoque
510 516 639 582 easdem
663 515 865 598 significatas
901 535 973 583 esse
995 533 1159 598 ponemus,
1195 521 1228 582 et
1261 513 1295 582 id
1330 532 1368 579 eo

206 622 359 690 fidentius
397 623 483 704 quod
521 640 606 704 qnae
643 622 718 690 illos
756 623 930 705 populares
976 621 1153 704 scriptores
1191 619 1369 688 tradidisse

207 729 403 798 Aristoteles
425 729 529 796 refert
552 731 673 812 optime
696 729 868 797 Atthidum
890 729 993 796 indoli
1020 729 1194 799 convenire
1217 729 1370 795 uldentur

207 844 240 904 et
262 835 310 903 ita
332 835 429 903 facile
463 835 668 921 intelligitur,
704 836 761 918 qni
794 837 870 902 inde
892 834 1065 904 Plutarchi
1098 833 1243 902 narratio
1278 831 1370 901 nasci

206 941 359 1026 potuerit,
384 961 479 1024 quam
496 961 537 1010 en
553 943 689 1010 Atthide
703 941 838 1010 fluxisse
853 941 959 1008 Keilio
977 941 1192 1009 concedimus.
1225 939 1371 1008 Atthidis

208 1051 294 1117 enim
328 1049 468 1134 scriptor
501 1049 634 1132 propria
668 1052 795 1118 ratione
829 1050 980 1117 Solonem
1018 1047 1191 1132 opprobrio
1229 1065 1372 1128 purgare

211 1155 344 1238 studuit,
379 1155 427 1224 ita
450 1155 580 1238 quidem
603 1162 640 1222 ut
663 1155 790 1239 plenius
824 1162 976 1224 narraret
1010 1155 1132 1222 amicos
1166 1173 1232 1222 non
1253 1153 1371 1222 Solone

208 1263 431 1331 consentiente
448 1269 619 1344 quaestum
643 1262 705 1330 sihi
728 1262 856 1346 fecisse,
881 1269 917 1330 ut
933 1261 1053 1330 Critias
1070 1262 1291 1343 contenderat,
1316 1261 1372 1328 sod

207 1369 309 1439 invito
333 1369 450 1438 Solone
474 1368 617 1436 consiliis
641 1370 710 1436 eius
734 1389 806 1438 csse
830 1371 963 1454 abusos;
994 1389 1070 1436 nam
1093 1388 1166 1436 eum
1188 1369 1294 1452 ipsum
1318 1387 1371 1434 ex·

207 1484 336 1560 partem
359 1474 460 1544 fuisse
482 1475 610 1546 fraudis
633 1495 670 1542 co
695 1477 839 1560 probari,
864 1479 947 1558 quod
972 1477 1112 1558 quinque
1134 1479 1263 1544 talenta
1293 1474 1372 1540 ami-

208 1587 314 1650 sisset.
354 1583 447 1650 Haec
464 1584 663 1667 Hermippus
688 1585 841 1652 continua
864 1583 1054 1650 narratione
1077 1583 1225 1651 concoxit
1248 1583 1372 1650 addens

210 1688 352 1757 fortasse
376 1708 460 1774 quae
484 1691 586 1757 bonus
610 1690 666 1757 ille
683 1690 856 1775 Polyzelus
881 1694 1079 1756 commentus
1103 1695 1153 1756 est
1176 1696 1211 1755 et
1233 1687 1373 1756 narrati-

210 1817 301 1866 onem
334 1798 381 1863 ita
416 1805 644 1880 praeparatam
680 1797 821 1865 tradidit
843 1796 1030 1864 Plutarcho.
1076 1795 1271 1864 Aristoteles
1294 1813 1372 1865 vero

210 1910 244 1972 et
264 1904 385 1972 Critiae
408 1904 554 1972 libellum
577 1911 611 1972 ct
626 1904 782 1972 Atthides
805 1923 1002 1988 percenseas
1025 1903 1113 1972 illius
1136 1901 1373 1988 malignitatem

210 2009 374 2091 perspexit
403 2010 542 2090 ideoque
575 2010 689 2078 harum
724 2010 950 2078 narrationem
983 2010 1145 2092 probavit,
1181 2027 1375 2091 quamquam

211 2116 394 2185 defensioni
431 2117 560 2184 Solonis
606 2117 852 2186 fundamentum
898 2137 1019 2200 ponere
1064 2117 1179 2182 maluit
1224 2115 1373 2198 gravius:

211 2229 460 2306 argumentatus
483 2230 533 2291 est
556 2243 596 2291 ex
619 2224 747 2306 integro
771 2225 835 2292 viri
857 2223 999 2308 ingenio.

300 2331 350 2398 De
374 2330 424 2397 his
447 2333 545 2398 rebus
569 2330 649 2398 nihil
679 2333 832 2398 hahuisse
858 2331 1089 2398 Anmotionem
1125 2329 1252 2414 opinari
1286 2327 1373 2412 licet,

212 2437 331 2521 quippe
355 2437 410 2519 qui
433 2437 583 2505 Solonem
608 2440 737 2508 omnino
765 2457 829 2506 non
864 2439 1040 2506 resolvisse
1074 2456 1131 2504 aes
1154 2437 1295 2505 alienum
1319 2437 1376 2502 sed

213 2563 329 2613 usuras
352 2551 479 2612 tantum
504 2544 658 2612 minuisse
682 2544 744 2612 sihi
767 2545 971 2628 persuaserit
980 2545 1014 2630 1).
1063 2545 1165 2629 Quam
1182 2542 1376 2611 sententiam

214 2658 246 2719 et
270 2653 323 2718 hic
346 2659 380 2718 et
403 2671 473 2735 cap.
499 2653 541 2717 10
563 2649 723 2720 refutavit
738 2651 943 2718 Aristoteles.
980 2651 1047 2719 Sed
1062 2653 1103 2717 de
1127 2649 1175 2718 eis
1200 2669 1283 2732 quae
1307 2668 1377 2732 cap.

215 2758 257 2824 10
291 2759 500 2828 continentur
544 2760 730 2826 accuratius
777 2757 961 2840 disceptare
1008 2763 1155 2824 nostrum
1202 2776 1266 2823 uon
1312 2762 1376 2821 est:

214 2867 398 2948 nuperrime
433 2866 466 2932 in
499 2866 605 2932 lucem
640 2864 762 2947 prodiit
791 2863 976 2932 Lehmanui
1011 2862 1283 2947 commentator),
1324 2861 1379 2928 uhi

214 2972 325 3040 varias
348 2973 418 3040 vias
443 2981 477 3040 et
499 2971 645 3040 rationes
667 2971 797 3039 invenis
822 2972 959 3038 collatas
983 2988 1063 3052 quas
1087 2969 1150 3038 viri
1178 2987 1379 3036 nummorum

214 3078 403 3161 disciplinae
428 3079 528 3162 periti
550 3079 704 3146 inierunt.
752 3081 801 3145 Ac
836 3079 877 3145 de
912 3077 959 3144 eis
995 3095 1122 3158 quoqne
1146 3095 1230 3158 quae
1254 3074 1379 3142 Keilius

215 3184 401 3272 enodavitssl
424 3186 579 3252 iudicium
603 3186 747 3254 retinere
771 3205 828 3254 nos
853 3189 986 3252 monent
1010 3185 1152 3252 editores
1169 3183 1300 3264 Batavi,
1325 3180 1380 3262 qui

215 3311 278 3358 non
303 3290 475 3374 ‚lanimem
500 3297 570 3363 sive
594 3291 741 3376 ,αὕξησινξ
774 3294 832 3361 sed
856 3289 1006 3374 ,’1ι“στοισινι
1030 3291 1049 3358 i.
1074 3311 1100 3358 e.
1125 3288 1323 3376 ‚nardorucrr‘
1348 3295 1382 3354 ei

216 3402 307 3480 ,psto‘
332 3419 389 3483 pro
415 3402 520 3482 ,pellor
551 3399 585 3466 in
619 3400 760 3484 imagine
797 3397 912 3482 papyri
945 3397 1156 3482 phototypica
1191 3417 1227 3464 se
1261 3396 1381 3480 legisse

218 3509 463 3592 contendunt4).
522 3507 612 3591 Quod
651 3507 678 3574 si
713 3509 840 3590 probas,
880 3507 1012 3574 videtur
1047 3505 1243 3572 Aristoteles
1277 3503 1311 3570 in
1344 3521 1382 3569 re

217 3617 402 3682 enarranda
415 3615 651 3684 Androtiouem
675 3620 806 3681 secutus
831 3631 911 3695 esse,
937 3611 1129 3681 dissensisse
1152 3618 1279 3679 tantum
1295 3613 1329 3678 in
1345 3628 1383 3676 re

217 3721 432 3789 aestimanda.

307 3865 328 3933 ¹)
346 3865 417 3923 Plut.
436 3866 489 3922 Sol.
511 3867 552 3922 to.

308 3954 328 4022 ²)
347 3955 485 4011 Lehmann
503 3955 531 4008 in
549 3955 640 4010 Herm.
661 3955 694 4012 27
713 3971 738 4022 p.
757 3955 811 4011 530
829 3969 886 4022 sqq.

309 4044 446 4116 ³)1.1.p.
467 4045 614 4103 rea-17³.
651 4045 745 4098 Virum
764 4044 870 4097 doctum
898 4042 925 4095 in
952 4041 1126 4110 computando
1144 4039 1228 4094 semel
1255 4037 1384 4092 amavisse

219 4135 283 4190 satis
301 4136 335 4189 sit
353 4135 395 4189 hic
413 4151 537 4205 monere;
557 4134 718 4205 computavit
730 4133 800 4188 enirn
820 4134 854 4202 (p.
870 4132 931 4199 166)
943 4131 997 4186 ita:
1016 4130 1067 4185 100
1081 4153 1087 4185 ι
1099 4131 1142 4196 71,
1157 4129 1174 4184 t
1187 4149 1221 4176 -τ
1236 4128 1290 4184 6οε
1310 4127 1337 4182 Χ
1349 4149 1384 4176 =

219 4225 262 4293 θ’
281 4225 329 4365 23l
348 4297 381 4353 cl.
401 4299 489 4350 notam
508 4297 543 4353 ad
560 4295 585 4365 p.
598 4297 639 4365 18,
649 4296 684 4352 44
702 4295 771 4358 edit..
791 4309 870 4366 quam
882 4291 1042 4364 paraverunt
1055 4305 1098 4342 vv·
1113 4304 1212 4346 cavan
1222 4287 1385 4348 Horwffl‘dffil

221 4389 247 4440 et
266 4403 316 4442 van
335 4385 476 4442 Laeuwen.
