3144 4826
672 335 884 442 *re—

194 533 297 612 χαρίον
320 529 425 602 duella
463 530 528 594 ἰδίου
543 531 748 622 πρεσβίτηνθ)
804 535 871 600 aar
905 539 1066 620 πρεσβύτην
1103 546 1211 622 πίτρας
1249 541 1349 625 δρηαζ’

195 641 302 718 πίερας
332 634 498 701 σιιεὶπτοντα
525 643 574 701 καὶ
602 639 748 723 ἐρηαζίηιε·
802 667 888 724 μενον
909 649 959 708 καὶ
982 647 1087 719 πόπους
1108 648 1251 730 λιδοίδεις,
1278 647 1360 731 ἢρετυ

194 765 251 816 νον,
274 741 322 806 διὰ
344 741 378 806 τὸ
400 744 557 824 θαυμάσαι
584 746 633 810 τὸν
656 753 749 811 παῖδα
802 750 852 816 τὸν
879 751 1049 837 πρεσβύτην,
1078 759 1159 826 τίνας
1185 761 1216 817 ἐκ
1238 758 1362 821 coiret

194 852 319 912 ἐκέλευεν
352 855 474 931 δρίσδαι
506 856 535 914 εί
562 859 750 937 περιγίγνεται
804 883 865 922 πων
894 860 1039 940 κομίζοιτο
1066 863 1133 934 τοὺς
1160 863 1297 946 καρπούς.
1344 870 1360 927 ὁ

194 962 225 1018 ἐκ
247 967 298 1020 τοῦ
319 963 430 1041 χωρίου,
479 965 495 1023 ὁ
522 966 548 1022 δ’
577 958 643 1044 ,ὅσα
673 960 750 1024 καινοὶ
805 969 1044 1047 atonescam·
1083 969 1198 1042 ,δδίυας
1220 975 1268 1032 καὶ
1284 995 1361 1052 σφα-

193 1067 242 1126 καὶ
280 1062 404 1148 ὀδίυαι,·
442 1067 509 1148 ἔφη,
548 1073 608 1151 ,καὶ
644 1068 751 1132 τούτων
805 1079 910 1148 πίλους,
935 1079 984 1140 καὶ
1011 1074 1118 1138 τούτων
1145 1065 1265 1157 δειίάτην
1294 1083 1360 1140 Het-

192 1181 249 1234 τῶν
278 1183 373 1235 κακῶν
402 1178 451 1236 καὶ
473 1185 530 1238 τῶν
552 1177 659 1242 ὀδυνῶν
683 1183 750 1240 Πει·
805 1188 958 1265 σίσνρατος
981 1187 1081 1263 melpsa*
1159 1167 1196 1197 '³'

193 1280 347 1359 σίστραεου
370 1284 418 1342 δεῖ
426 1283 523 1362 λαβεῖν
538 1282 589 1364 τὴν
610 1284 750 1364 drudam!
1156 1303 1157 1307 ’
1191 1291 1362 1370 θαυμάσας

194 1389 209 1446 ὁ
233 1385 284 1461 μὲν
308 1381 356 1448 οὖν
387 1382 546 1469 ἄνθρωπος
575 1394 750 1474 ἀπεκρίνατο
805 1402 835 1462 δὲ
859 1402 1103 1478 δΠεισίστρατος
1125 1387 1175 1478 την
1197 1403 1361 1481 παρρησίαν

192 1493 310 1573 οὶηνοεδν,
335 1495 397 1556 ὁδὲ
414 1500 626 1582 Πεισίστρατος
649 1505 753 1585 ἡσθεὶς
806 1510 896 1571 αὐτοῦ
910 1516 960 1586 τῆς
969 1504 1087 1578 δεκάτης
1111 1503 1240 1568 ἀτέλειαν
1262 1504 1359 1572 ἔδακε.

191 1596 239 1659 διὰ
261 1598 312 1679 τὴν
334 1609 498 1684 παρρησίαν
521 1614 569 1671 καί
591 1611 641 1692 τὴν
656 1618 751 1698 φιλερ·
805 1619 858 1676 καί
892 1620 923 1676 διν
956 1610 1059 1677 σοι’που
1092 1621 1120 1676 οἱ
1145 1615 1293 1693 Ἀθηναῖοι
1328 1624 1362 1693 τῇ

191 1709 255 1786 ηίαν
300 1709 388 1791 α’τελῆ
436 1713 573 1781 ἁπάντων
617 1725 749 1803 εποίησεν
804 1726 948 1804 παροιμίᾳ
971 1714 1126 1803 δχρῇσαντο
1149 1720 1179 1804 (i.
1204 1743 1229 1787 e.
1254 1718 1361 1800 σφάκε-

190 1812 288 1882 cestr.
802 1832 846 1892 λοι
869 1839 998 1892 ποιοῦσιν
1020 1827 1172 1914 ἀτέλειαν).

280 1941 334 2007 Ex
358 1953 519 2015 concentu
542 1953 687 2040 suspicio
712 1956 891 2022 communis
921 1953 1057 2042 originis
1087 1957 1240 2019 movetur
1247 1976 1256 2040 3
1284 1975 1361 2018 nam

192 2046 331 2114 alteram
354 2055 576 2124 narrationem
592 2082 632 2126 ex
649 2062 757 2128 altera
772 2087 837 2129 non
853 2063 989 2129 fluxisse
1005 2059 1156 2149 apparet,
1181 2082 1254 2126 cum
1269 2065 1362 2126 utra·

192 2173 256 2234 que
279 2178 340 2224 sua
361 2158 484 2229 habeat
498 2166 688 2247 peculiaria
734 2170 839 2237 Demo
856 2171 941 2236 enim
957 2167 1184 2250 elocutionem,
1209 2172 1363 2253 quaeest

195 2259 385 2347 „ortuslest
403 2273 532 2338 mutere
555 2297 620 2340 non
644 2276 766 2358 debuit,
793 2299 867 2344 cum
889 2274 1100 2364 proverbium
1123 2271 1277 2359 (σφᾶκνλυι
1300 2297 1361 2336 ποι·

193 2378 271 2430 οῦσιν
295 2373 438 2464 ἀτέλειαν)
472 2377 641 2449 declarare
665 2383 776 2463 vellet,
811 2382 1009 2450 Aristoteles
1042 2381 1098 2470 qui
1119 2379 1287 2468 proverbii
1309 2403 1361 2448 ra·

191 2478 313 2546 tionem
336 2482 453 2549 habuit
476 2487 601 2554 nullam
623 2493 761 2556 verbum
788 2490 904 2557 tritius
927 2490 1077 2578 idemque
1111 2489 1207 2554 inane
1241 2488 1361 2554 maluit

195 2585 321 2666 ,,κακα’.“
376 2589 440 2657 ΙΗο
469 2593 617 2662 breviter
641 2595 680 2662 dc
705 2596 841 2664 decuma
876 2603 993 2664 exacta
1026 2599 1227 2683 praemonet,
1250 2599 1290 2660 ut
1311 2595 1359 2660 in-

191 2692 366 2780 telligatur
404 2697 483 2776 quid
517 2700 579 2767 sibi
617 2703 723 2769 velint
760 2706 864 2771 verba
902 2709 1061 2770 extrema:
1099 2711 1163 2780 τῆς
1200 2701 1360 2781 δεκάτης

192 2801 323 2863 ἀτέλειαν
346 2801 442 2887 ἔδωκε,
467 2806 519 2873 hic
543 2807 710 2876 decumam
745 2833 841 2893 quam
876 2817 1023 2878 exactam
1048 2831 1119 2874 csse
1143 2813 1241 2874 autea
1275 2831 1358 2875 eom·

191 2911 386 2977 memoravit
407 2913 441 2978 in
465 2916 630 2984 narrando
654 2920 784 2986 omnino
815 2918 961 3006 neglexit
984 2921 1018 2983 et
1040 2916 1195 2982 universe
1226 2916 1358 2982 locutus

193 3020 257 3082 est:
297 3020 385 3090 ἀτελῆ
422 3021 598 3085 ἁπάντων
633 3031 766 3106 ἐποίησεν
800 3023 897 3109 αὐτόν,
934 3046 1106 3113 quamqam
1135 3023 1170 3088 in
1193 3024 1358 3110 agricolae

192 3126 404 3210 responsione
433 3126 600 3195 decumam
628 3133 778 3198 retinuit:
808 3137 856 3193 καὶ
879 3133 986 3194 τοίνυν
1002 3179 1008 3192 .
1027 3181 1033 3196 .
1052 3181 1058 3195 .
1079 3135 1291 3210 Πεισίστρατον
1315 3135 1362 3191 δεῖ

191 3229 289 3310 λαβεῖν
312 3229 362 3310 τὴν
385 3233 514 3312 δεκάτην,

280 3336 382 3404 Vides
410 3339 514 3426 igitur
536 3341 754 3411 Aristotelem
789 3367 852 3409 non
883 3343 1021 3409 obnoxie
1044 3343 1188 3430 vestigia
1210 3343 1356 3410 auctoris

192 3443 243 3508 sui
266 3450 478 3530 persecutum
501 3449 557 3514 sed
582 3449 617 3515 in
640 3451 830 3517 narratione
860 3449 1028 3517 reddenda
1058 3449 1171 3516 eadem
1200 3449 1355 3516 libertate

191 3572 287 3616 usum
305 3574 386 3634 esse,
413 3576 510 3642 quam
526 3556 591 3622 iam
607 3557 739 3644 saepius
757 3557 977 3643 cognovimus.
1026 3557 1092 3624 Sed
1106 3580 1167 3645 pro
1184 3579 1245 3624 sua
1260 3560 1356 3644 parte

143 3725 147 3738 .
192 3659 341 3724 servavit
365 3679 492 3749 quoque
515 3662 665 3749 singulas
687 3686 750 3742 rea,
776 3686 858 3751 quas
874 3665 977 3730 Demo
994 3663 1219 3752 praetermisit
1234 3663 1355 3751 quippe

192 3764 245 3844 qui
272 3765 382 3833 verbis
404 3791 541 3855 parcere
563 3770 683 3837 vellet:
712 3771 890 3838 Pisistrato
913 3793 996 3858 puer
1020 3793 1126 3838 eomes
1150 3769 1292 3849 additur,
1322 3774 1356 3836 et

192 3872 410 3959 comperimus
433 3897 501 3942 rem
526 3877 686 3945 accidisse
709 3878 744 3944 in
759 3879 920 3966 Hymetto
942 3883 976 3945 et
990 3878 1099 3946 locum
1121 3877 1216 3944 illum
1239 3881 1356 3966 postea

191 3978 396 4066 appellatum
428 4005 499 4050 esse
532 3990 643 4067 ,χωρίον
666 3986 773 4058 ἀτελές(
820 3985 892 4068 Quo
916 4009 956 4052 ex
980 3985 1203 4052 additamento
1233 3983 1354 4050 intelli-

189 4085 296 4171 gimus
320 4091 487 4156 auctorem
511 4092 711 4160 narrationis
733 4093 768 4158 id
791 4114 921 4182 quoque
944 4091 1112 4159 studuisse
1132 4095 1171 4156 ut
1186 4112 1226 4156 ex
1240 4089 1354 4156 fabula

190 4191 462 4279 significationem
486 4195 550 4265 loci
574 4198 771 4286 declararet;
796 4200 830 4267 id
854 4199 941 4284 quod
963 4199 1064 4267 fontis
1087 4197 1229 4264 indolem
1252 4202 1352 4285 atque

190 4303 343 4367 naturam
366 4301 524 4372 illustrat.
571 4306 707 4376 Talibus
731 4311 816 4377 enim
840 4307 1087 4398 quaestionibus
1104 4327 1237 4395 operam
1253 4327 1352 4372 nava-

188 4406 278 4476 visse
307 4407 454 4480 videmus
487 4411 664 4486 Atthidum
694 4417 883 4514 scriptores,
915 4415 949 4480 in
977 4413 1091 4502 primis
1122 4411 1350 4500 Clitedemum,
