3144 4826
716 317 757 386 41

145 526 269 595 γραφεῖς
295 513 378 582 hade
400 513 515 581 habet:
529 512 555 600 ¹)
580 509 655 593 ἦσαν
669 515 700 576 δέ
724 519 753 576 oi
773 513 825 592 μέν
848 512 953 586 πάντες
968 524 1143 596 συγγραφεῖς
1161 511 1318 594 τρνολκοντα

144 627 176 682 ol
199 619 263 686 τότε
278 625 456 700 αἱρεθέντες,
472 617 557 683 addai
573 642 661 700 φησιν
679 621 851 702 Ἀνδροτέων
872 643 903 682 τε
927 623 975 682 καλ
994 617 1162 702 Φιλόχορος,
1187 619 1321 698 ἑκάτερος

144 733 177 790 έν
206 739 241 808 τῇ
263 732 383 794 Λτθέδι.
427 731 461 790 Ὀ
491 728 521 790 δέ
547 730 722 806 Θουκυδίδης
748 737 802 790 τῶν
831 732 901 789 δέκα
932 727 1120 805 ἐμνημόνευσε
1150 725 1245 805 μόνων
1266 737 1322 790 τῶν

143 834 321 918 προβούλων.

236 941 340 1010 Vides
374 949 508 1010 veteres
544 942 776 1025 grammaticos
811 941 893 1010 illud
923 941 1098 1010 discrimen
1127 942 1213 1024 quod
1234 939 1321 1008 inter

144 1048 375 1132 Thucydidem
410 1055 445 1116 ct
478 1047 763 1132 Atthidographos
796 1049 974 1116 intercedit
1007 1048 1198 1115 attendisse.
1256 1047 1321 1115 Sed

144 1173 232 1238 quae
255 1155 489 1222 Androtionem
522 1155 700 1223 tradidisse
734 1155 952 1238 Harpocratio
985 1161 1129 1222 testatur
1160 1155 1322 1222 consentit

144 1281 218 1330 cnm
242 1261 425 1346 Pythodori
459 1261 654 1346 populiscito
689 1262 774 1344 quod
798 1264 886 1346 apud
908 1261 1118 1332 Aristotelem
1141 1260 1321 1348 legimusr).

144 1370 264 1451 Itaque
287 1368 370 1450 legis
385 1371 491 1437 verba
513 1369 580 1436 iem
596 1368 832 1444 Androtionem
849 1369 1041 1453 praebuisse
1061 1375 1095 1436 et
1111 1369 1321 1436 Aristotelem

143 1479 187 1544 ab
212 1495 250 1542 eo
273 1481 455 1544 mutuatum
479 1494 551 1542 esse
573 1475 612 1542 fit
635 1477 709 1544 veri
732 1475 937 1542 simillimum.

236 1583 302 1649 Sed
333 1585 432 1649 etiam
460 1581 527 1648 alia
551 1601 592 1648 eu
620 1588 715 1666 parte
745 1585 789 1650 ad
818 1583 957 1651 cundem
981 1583 1172 1650 adducimur
1195 1585 1320 1650 Andro·

143 1689 278 1756 tionem.
311 1689 467 1772 Legimus
489 1687 523 1755 in
548 1690 682 1758 decreto
706 1692 792 1772 quod
815 1709 887 1773 cap.
912 1688 955 1756 39
979 1689 1165 1756 continetur
1188 1690 1320 1776 haec⁸):

142 1807 200 1858 τῶν
223 1797 254 1858 δὲ
277 1792 527 1875 ααραληλυθέτωυ
549 1800 648 1874 μηδευλ
672 1795 747 1876 πρὸς
769 1801 877 1876 μηδένα
909 1809 1092 1876 μνησικακεῖν
1122 1796 1225 1870 έξεΐυαε
1248 1795 1321 1876 πλὴν

144 1902 219 1982 πρὸς
245 1900 312 1974 τοὺς
333 1900 490 1979 τριάκοντα
513 1906 578 1963 καὶ
600 1900 688 1976 τους
710 1908 800 1966 δέκα
824 1906 872 1965 καλ
894 1901 962 1974 τοὺς
985 1903 1086 1966 έκδεκα
1108 1907 1156 1966 καλ
1181 1901 1246 1976 τοὶς
1268 1915 1321 1966 τοῦ

146 2015 310 2090 Πειραιέως
334 2005 487 2090 ἄρξαντας.
535 2010 732 2094 Quibuscum
765 2029 934 2094 compares
966 2029 1049 2091 quae
1072 2011 1255 2093 Xenophon
1280 2011 1320 2076 de

144 2119 260 2185 eadem
284 2135 320 2182 re
345 2118 447 2184 hahet
469 2117 503 2184 in
526 2117 760 2202 Hellenicis⁴):
785 2124 814 2180 ot
835 2119 865 2180 δὲ
890 2115 1043 2196 διήλλαξαι
1067 2117 1111 2197 ἐφ’
1135 2113 1188 2194 ᾧτε
1212 2116 1321 2195 erpeium

142 2227 196 2302 μὲν
219 2222 290 2306 ἔχειν
318 2224 390 2304 πρὸς
417 2225 568 2309 ἀλλήλους,
605 2225 721 2288 ἀπιέναι
756 2227 787 2290 δέ·
820 2231 867 2289 dut
890 2225 927 2288 τὰ
951 2231 1057 2288 έαυτῶυ
1088 2223 1227 2296 ἑκάστους
1248 2222 1321 2302 πλὴν

142 2340 198 2392 τῶν
220 2327 377 2406 τριάκοντα
401 2335 452 2392 καὶ
472 2341 527 2394 τῶυ
550 2331 652 2394 ἕνδεκα
675 2336 722 2394 καλ
745 2343 801 2394 τῶν
823 2337 853 2393 έν
867 2343 908 2410 τῷ
927 2337 1066 2412 Πειραιεῖ
1077 2330 1225 2411 ἀρξάντων
1239 2335 1318 2404 δέκα,

142 2438 199 2504 nbi
222 2438 341 2504 ceteris
370 2437 504 2523 paribus
536 2440 766 2507 desiderantur
797 2439 846 2506 illi
871 2438 1058 2506 decemviri.
1105 2437 1262 2506 Similiter
1284 2438 1319 2506 in

142 2546 334 2612 narratione
364 2547 581 2614 antecedente
617 2548 832 2628 Aristoteles,
862 2566 1053 2630 quamquam
1077 2546 1110 2614 iu
1134 2565 1171 2614 re
1194 2565 1318 2612 summa

143 2672 218 2720 cnm
242 2653 460 2735 Xenophonte
477 2656 650 2732 consentit,
675 2661 786 2720 tamen
803 2655 898 2737 plura
916 2654 1053 2721 tradidit
1074 2653 1165 2721 velut
1187 2653 1317 2738 haeo⁶):

142 2759 359 2832 καταλύσαντες
382 2760 447 2833 τοὺς
470 2764 539 2822 δέκα
562 2759 629 2834 τοὺς
651 2757 779 2842 πρώτους
802 2765 977 2838 αἱρεθέντας
1004 2757 1147 2833 ἄλλους
1170 2759 1317 2822 εἴλοντο

142 2872 233 2928 δέκα
256 2866 335 2940 τοὺς
356 2870 575 2948 βελτίστους
598 2865 670 2928 εἶναι
693 2871 863 2940 δοκοῦντας,
898 2866 943 2948 ἐφ’
978 2863 1015 2930 ὧν
1049 2869 1152 2948 συνέβη
1185 2871 1242 2938 κτέ,
1278 2866 1318 2932 de

143 2974 261 3056 quihus
294 2976 431 3042 verbum
456 2975 578 3042 nullum
601 2974 731 3042 iuuenis
755 2977 842 3058 apud
866 2976 1127 3058 Xenophontem.
1179 2973 1317 3057 Quaen

141 3101 177 3148 re
213 3081 390 3147 concludas
413 3082 635 3156 Aristotelem,
670 3101 766 3166 quem
802 3083 1028 3166 Xenophontis
1063 3081 1316 3166 descriptionem

141 3189 262 3271 legisse
277 3187 367 3254 inira
381 3187 573 3274 videbimus,
598 3197 634 3256 ut
650 3209 719 3256 rem
741 3189 869 3272 plenius
885 3195 1037 3255 narraret
1054 3206 1094 3254 ex
1110 3187 1315 3254 accuratiore

144 3313 244 3378 opere
268 3295 509 3378 deprompsisse
532 3305 567 3362 et
589 3297 758 3364 decretum
782 3296 1064 3378 supralaudatum
1080 3295 1121 3380 (c.
1139 3295 1314 3378 XXXIX),

143 3421 204 3484 quc
235 3401 412 3469 decemviri
448 3400 542 3484 primi
577 3423 635 3470 suo
669 3403 742 3470 loco
777 3409 1086 3486 commemorantur,
1111 3407 1145 3469 et
1167 3405 1253 3468 hanc
1276 3402 1316 3466 de

143 3507 335 3576 decemviris
369 3507 485 3574 alteris
519 3509 678 3578 notitiam.
736 3509 830 3594 Quod
863 3515 1013 3576 tenentes
1048 3509 1196 3592 legamus
1231 3525 1316 3590 qnae

143 3617 365 3698 Harpocratic
389 3635 414 3680 s.
440 3636 470 3684 v.
495 3621 565 3678 δέκα
588 3616 772 3691 tradiditll:
809 3620 873 3696 περὶ
903 3627 955 3678 τῶν
985 3611 1058 3692 μετὰ
1088 3613 1316 3694 thracesiorum

144 3758 356 3780 ..h-...—

237 3849 256 3909 ¹l
275 3847 397 3906 Philoch.
417 3849 464 3918 irg.
485 3849 536 3906 122
556 3848 591 3904 ll.

230 3935 533 4008 hpmffikw

232 4027 251 4094 ⁸)
270 4044 296 4096 p.
314 4027 357 4088 43.
376 4029 394 4086 λ
418 4043 475 4098 sqq.
495 4027 528 4082 ll.
549 4027 592 4084 W.
613 4027 710 4082 Eadem
739 4027 846 4082 brevius
865 4043 898 4080 ex
918 4027 975 4094 ipso
993 4025 1099 4080 decreto
1118 4027 1254 4080 mutuatus
1273 4031 1314 4080 est

143 4113 289 4170 Andocides
308 4116 329 4184 l,
348 4117 391 4172 90.

231 4203 252 4270 ⁴)
272 4202 343 4260 Xon.
362 4204 433 4264 Heli
452 4206 480 4262 Il
499 4205 525 4274 4,
545 4207 587 4264 38.

232 4291 251 4349 ‘l
271 4311 296 4364 p.
315 4293 358 4360 41,
378 4293 413 4350 20
431 4294 464 4348 ll.
484 4293 528 4348 W.

230 4379 251 4441 'l
272 4383 379 4440 hndrot
398 4383 445 4454 cp.
466 4383 500 4440 10
518 4383 554 4440 m.
