3144 4826
814 264 835 329 4

241 461 422 549 coniunxit,
445 463 486 528 ut
500 459 599 528 unius
623 460 782 530 orationis
797 461 932 530 vinonsso
956 461 1235 550 astringerentur:
1259 456 1407 541 aepulae

239 569 353 651 νόμενος
365 608 397 618 -
408 567 701 652 ἐπικηρυκευσάμενος
723 571 768 651 ἐφ’
785 566 850 650 ᾧτε
868 591 894 637 ε.
912 577 945 638 θ.
970 567 1104 650 λήψεται,
1128 569 1285 652 κατήγαγεν
1307 564 1405 634 uitia

238 677 323 748 rum
346 677 393 745 eis
418 675 696 766 descriptionibus
713 677 831 767 quibus
847 676 1038 746 Herodotus
1054 675 1186 765 singula
1200 697 1290 744 more
1313 672 1406 762 spico
1438 762 1441 767 .

238 784 410 854 illustrare
448 787 549 875 atque
587 803 748 854 exornare
786 785 874 853 solet
917 785 1163 874 praetermissis
1207 781 1407 852 sententiam

238 886 344 983 ipsam
366 892 483 982 paucis
507 915 672 982 exponere
695 893 778 960 satis
801 892 927 975 habuit,
951 893 1047 960 velut
1069 915 1109 960 ea
1131 913 1216 981 quaa
1237 889 1295 958 ille
1319 887 1406 977 copi·

239 998 329 1067 osius
346 998 386 1066 de
401 998 620 1087 praeconibus
636 1021 657 1066 a
671 998 850 1066 Pisistrato
866 999 901 1066 in
921 1001 1036 1068 urbem
1059 998 1251 1089 praemissis
1274 1016 1406 1068 enarrer

238 1106 290 1173 vit
304 1105 356 1174 his
371 1105 598 1174 tantummodo
614 1106 725 1174 verbis
749 1106 929 1194 significat:
955 1111 1185 1190 νιροοιαοαείρας
1199 1103 1283 1188 λόγον
1296 1105 1333 1176 ὡς
1350 1155 1356 1170 .
1374 1155 1381 1168 .
1399 1155 1406 1168 .

238 1211 346 1282 Simili
366 1212 586 1281 modoetiam
619 1212 741 1281 iudicio
764 1213 926 1282 Herodoti
961 1235 1117 1282 assensus
1141 1217 1207 1280 est:
1241 1235 1326 1302 quae
1348 1210 1407 1278 ille

237 1320 345 1388 fusius
378 1319 541 1388 iudicavit
563 1319 605 1388 dc
627 1319 806 1409 prudentia
835 1343 901 1410 qua
929 1321 1129 1389 Pisistratus
1151 1321 1186 1388 in
1209 1342 1245 1387 re
1272 1318 1408 1408 publica

238 1427 499 1496 administranda
521 1450 603 1496 usus
626 1428 680 1510 sit,
704 1429 821 1517 paneis
850 1430 1021 1516 probavit:
1051 1427 1143 1508 caten
1166 1426 1202 1490 εοὶ
1226 1424 1308 1490 κοινὰ
1329 1428 1408 1490 non-

237 1546 321 1610 υικῶς
354 1537 463 1616 μᾶλλον
491 1534 508 1615 ἢ
537 1545 706 1618 τυραννικῶς
743 1558 849 1626 neque
886 1536 994 1604 minus
1028 1537 1058 1604 si
1095 1539 1201 1627 ,pater
1237 1533 1406 1602 historiae‘

239 1665 365 1712 summa
392 1643 619 1731 indignatione
648 1643 827 1712 absurdam
849 1644 1021 1713 Pisistrati
1052 1643 1235 1712 machinam
1259 1639 1407 1710 condem·

238 1755 311 1830 nat,
350 1750 498 1818 breviter
536 1751 733 1818 assentitur:
777 1749 937 1834 κατήγαγεν
974 1750 1062 1814 αὐτὸν
1100 1752 1227 1833 ἀρχαίως
1260 1758 1308 1811 καὶ
1343 1750 1408 1810 λίαν

239 1860 344 1930 ἁπλῶς.

327 1962 468 2032 Accedit
491 1964 580 2046 quod
602 1964 781 2032 secundum
804 1964 1010 2033 Herodotum
1033 1986 1229 2054 quamquam
1251 1959 1407 2030 Pisistra·

238 2073 294 2138 tus
318 2070 537 2158 significatur:
562 2071 663 2153 σφόδρ’
689 2070 877 2151 εὖδοκιμηκώς
900 2078 929 2134 ἐν
952 2082 992 2150 τῷ
1011 2069 1085 2153 πρὸς
1107 2075 1264 2152 Μεγαρέας
1291 2071 1408 2146 πολέμῳ

239 2177 284 2262 (p.
310 2176 572 2264 13,26K.W.1)
594 2182 705 2246 tamen
728 2179 816 2268 quod
837 2179 895 2245 ills
918 2175 1109 2265 singulatim
1132 2173 1274 2245 addidit:
1300 2177 1408 2238 Νίσου·

240 2285 274 2348 ἀν
296 2309 327 2348 τε
350 2283 419 2348 ἑλὼν
441 2289 490 2346 καὶ
513 2282 587 2348 ἄλλα
611 2286 822 2364 ἀποδεξάμενος
855 2283 966 2367 μεγάλα
993 2284 1062 2368 ἔργα
1092 2281 1291 2354 Aristoteles
1314 2275 1408 2370 prae'·

238 2392 382 2460 termisit
418 2414 534 2482 nempe
572 2393 650 2481 quia
686 2391 747 2460 illa
780 2395 883 2460 verba
916 2394 960 2460 ad
997 2393 1199 2482 superiorem
1237 2388 1409 2460 Pisistrati

239 2498 344 2566 vitam
364 2498 597 2567 illustrandam
620 2499 811 2567 satisfacere
832 2500 1033 2581 viderentur,
1059 2506 1093 2568 et
1108 2501 1275 2590 quodiam
1290 2519 1408 2565 memo·

239 2606 421 2694 ravimuse)
455 2606 678 2696 prodigiosam
701 2606 741 2674 de
764 2607 970 2698 Hippocrate
993 2607 1165 2675 Pisistrati
1194 2611 1291 2694 patre
1315 2603 1408 2672 fabu-

239 2712 307 2781 lam
341 2736 406 2803 qua
439 2713 625 2804 peruiciosa
651 2713 712 2786 filii
734 2715 884 2803 potentia
918 2715 1148 2784 ostenderetur
1181 2735 1319 2802 prorsus
1353 2737 1408 2782 ne·

240 2820 348 2908 glexit
368 2822 553 2890 testificans
577 2845 612 2889 se
635 2823 718 2890 talia
751 2822 903 2911 prodigia
936 2827 1036 2911 atque
1071 2825 1202 2888 ostenta
1225 2843 1289 2886 non
1312 2819 1410 2887 flocci

240 2928 391 3016 pendere.
1397 2985 1400 2990 .

330 3035 413 3103 Cum
436 3035 498 3104 hoo
521 3036 625 3104 libero
650 3037 797 3116 arbitrio,
823 3059 887 3119 quo
912 3035 1111 3104 Aristoteles
1132 3035 1302 3103 Herodoto
1326 3059 1407 3102 usus

243 3146 303 3222 est,
329 3143 494 3209 consentit
516 3143 604 3225 quod
627 3166 692 3210 non
715 3144 750 3209 in
773 3167 838 3209 uno
863 3143 1030 3231 acquievit
1052 3146 1188 3209 anctore
1211 3142 1270 3210 sed
1292 3142 1406 3231 plures

244 3249 284 3315 de
307 3249 420 3316 eadem
443 3272 480 3316 re
503 3251 678 3330 consuluit,
705 3255 744 3316 ut
766 3251 908 3318 altermn
931 3272 971 3316 ex
987 3249 1095 3317 altero
1113 3250 1287 3340 suppleret
1305 3254 1406 3331 atque

243 3355 440 3422 emendaret.
479 3355 531 3422 Ac
547 3356 687 3443 primum
704 3356 834 3445 quidem
850 3355 1060 3423 Herodotsae
1076 3357 1261 3424 narrationi
1276 3355 1406 3424 nomina

243 3467 277 3528 et
305 3485 359 3529 res
387 3485 547 3530 annorum
575 3463 692 3530 seriem
724 3467 910 3530 statuentes
940 3463 1138 3552 interposita
1168 3487 1240 3531 esse
1262 3462 1406 3530 animad-

242 3569 411 3650 vertimus
436 3590 520 3652 quae
544 3569 651 3636 omnia
675 3593 715 3638 ex
738 3569 850 3636 eodem
873 3569 963 3636 fonte
986 3570 1121 3637 fluxisse
1137 3569 1329 3638 verisimile
1345 3574 1405 3637 est.

242 3677 329 3743 Hinc
351 3676 455 3764 igitur
477 3681 552 3744 orta
575 3683 654 3744 sunt
677 3697 760 3759 quae
790 3677 929 3763 legimus
959 3701 991 3765 p.
1023 3677 1073 3757 14,
1099 3678 1129 3742 3.
1154 3665 1251 3746 5-6.
1276 3676 1403 3744 20-21

242 3783 286 3852 Κ.
311 3783 395 3870 W.¹)
441 3783 504 3867 Qui
529 3784 603 3852 fons
626 3785 688 3852 hoo
718 3784 819 3850 habet
847 3785 1024 3873 proprium,
1057 3784 1144 3873 quod
1173 3785 1304 3852 nomina
1332 3807 1406 3850 cum

244 3891 383 3959 aliorum
417 3895 488 3960 tum
522 3893 776 3980 magistratuum
810 3897 964 3958 accurate
991 3892 1131 3958 tradidit
1161 3897 1194 3958 et
1223 3897 1406 3978 temporum

243 4020 418 4086 rerumque
442 3999 588 4067 ordinem
611 3999 740 4066 statuit.

353 4127 410 4134 ...-

334 4175 355 4245 ¹)
373 4175 441 4230 Sunt
467 4177 576 4247 paginae
604 4177 722 4232 editionis
741 4193 763 4230 a.
784 4177 814 4233 G.
830 4175 922 4231 Kaibel
942 4175 1018 4230 etv.
1038 4176 1070 4229 ds
1090 4171 1406 4228 Wilamowitz·Moellen·

244 4266 312 4318 dorff
328 4265 423 4320 iterum
442 4269 554 4335 paratae.

334 4354 353 4423 ²)
371 4369 451 4422 supra
469 4371 494 4423 p.
516 4357 527 4408 l
