3144 4826
826 309 868 379 36

347 507 387 572 In
410 508 508 572 rebus
532 505 741 588 disponendis
765 505 977 574 Aristotelem
1001 527 1057 573 suo
1081 525 1172 572 usum
1197 524 1268 574 essa
1292 504 1423 572 consilio

259 631 352 679 nemo
376 620 426 679 est
450 616 526 695 quin
550 619 740 696 cognoscat:
772 614 933 696 disposuit
955 633 1009 681 res
1033 615 1245 681 cohaerentes
1267 613 1302 680 in
1325 613 1425 696 parti-

260 721 360 803 culas,
385 740 465 802 quas
489 725 523 786 et
539 721 757 788 concludebat
767 721 793 807 ¹)
817 731 851 787 et
874 721 1006 788 exordio
1026 721 1425 806 iustruebct²)·summam

258 827 458 895 sententiam
493 828 605 912 paucis
639 831 876 911 complecteus;
910 848 972 896 uec
1006 848 1069 895 non
1101 829 1228 896 studuit
1250 830 1426 910 explanare

233 1021 235 1025 y
259 933 338 1016 quid
360 933 394 1000 iu
417 954 526 1002 rerum
549 955 726 1019 progressu
756 936 910 1002 momenti
930 917 1088 1021 ¹fuerit³)‚
1120 944 1157 1002 ut
1186 935 1426 1018 perspiceretur

260 1059 343 1122 quae
366 1043 451 1108 ratio
475 1041 560 1110 inter
591 1042 721 1126 singula
743 1043 967 1111 intercederet.
1014 1043 1104 1127 Quae
1127 1043 1234 1110 omnia
1258 1044 1426 1124 adipsum

259 1146 470 1216 Aristotelem
493 1148 671 1216 referenda
694 1154 784 1217 sunt:
808 1169 883 1216 nam
906 1149 939 1216 in
959 1147 1154 1215 Atthidibue
1177 1167 1231 1215 res
1254 1149 1302 1214 ita
1324 1146 1426 1214 fuisse

260 1255 437 1322 adornatas
459 1254 516 1322 vix
540 1257 691 1337 cuiquam
714 1256 847 1338 probari
870 1255 1044 1338 opinemur.

350 1364 497 1444 Apparet
526 1361 628 1444 igitur
651 1359 865 1428 Aristotelem
895 1361 1067 1428 materiam
1090 1381 1214 1430 omnem
1237 1362 1427 1444 priusquam

258 1465 379 1533 litteris
402 1469 576 1534 mandaret
592 1486 649 1533 suo
666 1486 759 1534 usum
776 1467 895 1534 iudicio
913 1468 1147 1556 percensuisse,
1171 1487 1274 1551 neque
1291 1469 1427 1536 credere

258 1571 338 1638 licet
366 1591 438 1638 eum
474 1572 603 1656 singula
635 1572 670 1638 iu
703 1575 775 1656 ipso
810 1572 983 1641 scribendo
1018 1582 1152 1657 arrepta
1176 1583 1209 1642 et
1233 1576 1370 1642 collecta
1393 1577 1427 1641 in

259 1696 447 1760 compagem
470 1678 682 1744 temerariam
705 1679 881 1762 redegisse.
916 1679 1043 1764 Quare
1067 1699 1130 1747 non
1153 1687 1244 1748 recta
1268 1682 1351 1748 facit
1372 1683 1428 1765 qui

260 1783 349 1849 dicat
372 1783 586 1850 Aristotelem
608 1784 710 1868 primo
734 1794 879 1852 secutum
904 1804 975 1852 esse
999 1785 1132 1871 fontem,
1158 1807 1219 1870 quo
1239 1789 1428 1872 Ephialtem

260 1898 293 1956 et
316 1889 564 1958 Themistoclem
599 1892 634 1958 in
658 1893 875 1976 Areopagitas
911 1912 983 1961 esse
1016 1894 1164 1964 invectos
1187 1898 1426 1984 tradebatur4),

259 1993 378 2062 deinde
402 1997 510 2082 alium,
534 1999 591 2064 ubi
612 2001 743 2065 easdem
765 1999 872 2083 egisse
888 2007 1000 2082 partes
1016 2001 1175 2069 Periclem
1191 2003 1381 2072 inveniebat
1389 2006 1427 2092 ⁵),

258 2101 370 2184 itaque
404 2105 492 2170 iuter
526 2122 562 2170 se
594 2104 813 2190 repugnantia
847 2115 969 2173 temere
1005 2108 1182 2176 miscuisse.
1229 2111 1330 2177 Immo
1363 2111 1428 2178 sibi

258 2210 420 2276 conscium
443 2211 668 2294 philosophum
692 2212 745 2308 hic
768 2214 954 2280 accuratius
970 2216 1178 2298 Areopagum
1194 2222 1360 2299 potestate
1375 2220 1427 2285 bis

258 2335 329 2383 esse
345 2317 519 2400 spoliatum
536 2317 714 2386 tradidisse
731 2325 765 2385 et
781 2321 894 2387 eadem
910 2319 944 2385 in
967 2319 1064 2388 Polit.
1090 2321 1227 2388 indta
1252 2331 1269 2388 7
1295 2323 1428 2392 brevius

257 2425 540 2506 comprehendisse
565 2425 814 2510 crediderimus,
839 2432 875 2492 ut
898 2428 983 2494 alter
1010 2429 1099 2496 locus
1123 2430 1228 2496 altero
1252 2429 1426 2517 nitatnrss).

258 2531 370 2611 Neque
400 2531 572 2598 haeremus
605 2531 639 2598 in
670 2532 851 2600 elocutione
874 2536 1070 2623 „euceararll
1099 2537 1132 2602 in
1156 2555 1221 2618 qua
1243 2537 1427 2604 Kochlerus

248 2635 435 2723 'offendit⁸).
468 2639 532 2706 Sed
549 2657 619 2705 cum
636 2638 784 2727 Lipsio⁹)
807 2639 865 2707 illa
889 2641 1012 2705 intem
1036 2645 1079 2708 ad
1098 2661 1166 2726 cap.
1184 2643 1225 2712 23
1242 2642 1424 2724 referimus

257 2762 329 2808 cum
353 2743 526 2812 concinant
550 2764 632 2828 quae
659 2745 704 2813 ibi
735 2748 891 2831 leguntur
914 2745 1126 2816 elocutiones:
1158 2748 1268 2811 πάλιν
1295 2749 1426 2833 ἴσχνανα·

257 2852 423 2932 λαβοῦσα
456 2851 506 2932 τὴν
544 2857 711 2939 propensam
746 2855 996 2939 παρεχώρουν,
1035 2863 1133 2939 atque
1171 2860 1270 2924 etiam
1300 2859 1420 2928 verba:

257 2958 367 3039 clystrae
382 2965 525 3043 ἐπιφέρων
540 2964 606 3043 περὶ
618 2970 672 3024 τῶν
684 2966 863 3043 διῳκημένων
871 2965 908 3050 ¹⁰)
924 2970 1111 3047 respectent
1123 2964 1166 3030 ad
1178 2964 1423 3033 antecedentia:

256 3063 348 3142 διῴκει
369 3062 419 3144 τὴν
441 3065 581 3153 cettan).

347 3207 368 3276 ²)
387 3207 460 3262 velut
477 3223 503 3278 p.
522 3207 565 3276 28,
585 3207 667 3273 rest
684 3207 734 3277 ptr
751 3203 797 3262 ολν
809 3208 861 3263 τολν
878 3208 1066 3281 Ἀρεοπαγιτῶν
1077 3209 1157 3281 βουλὴ
1166 3210 1257 3265 ταῖτον
1270 3211 1315 3265 adr
1326 3205 1424 3284 τρόπον

256 3293 422 3367 δπεοτιρὴθη
440 3296 485 3364 τῆς
503 3293 656 3366 &samniae

347 3384 368 3452 ²)
386 3386 460 3441 velut
478 3404 504 3456 p.
523 3385 566 3455 28,
587 3386 634 3444 16:
662 3386 729 3455 μετὰ
755 3383 783 3441 δὲ
809 3386 893 3442 ccicc
920 3387 1069 3456 συνέβαινεν
1095 3387 1221 3442 ἀνίεσθαι
1246 3389 1349 3458 μᾶλλον
1376 3391 1424 3459 τὴν

255 3471 389 3528 πολιτείαν
408 3470 452 3528 διὰ
468 3473 528 3530 τοὺς
544 3475 689 3546 προθύμως
707 3472 933 3546 δημαγωγοῦνται.

347 3561 367 3632 ⁸)
385 3562 460 3618 velut
477 3581 502 3634 p.
522 3564 565 3626 30.
586 3565 632 3620 14:
652 3563 699 3622 ἕως
716 3563 765 3634 μὲν
783 3559 829 3618 οὖν
846 3564 976 3637 Περικλῆς
992 3567 1153 3638 προειστήκει
1170 3567 1216 3620 τοῦ
1232 3563 1317 3637 δῆμον
1331 3568 1423 3638 βελτίω

255 3650 290 3704 τὰ
306 3651 375 3706 κατὰ
391 3651 439 3720 τὴν
456 3651 589 3707 πολιτείαν
606 3647 646 3721 ἦν,
665 3652 862 3722 τιλιντήοοντοι
880 3651 909 3709 δὲ
926 3654 1082 3728 Περικλέους
1099 3655 1166 3711 πολὺ
1185 3659 1269 3728 χείρω,

345 3743 367 3811 ⁴)
385 3759 411 3812 p.
431 3743 474 3813 27,
493 3743 526 3798 21
546 3759 603 3815 sqq.
621 3743 655 3800 K.
675 3723 730 3799 W.⁰

346 3830 367 3900 ⁵)
384 3847 409 3900 p.
429 3833 472 3901 29,
493 3833 526 3889 15
543 3832 577 3890 Κ.
596 3832 641 3887 W.

343 3919 366 3990 ⁸)
385 3919 446 3976 Keil
463 3921 480 3976 l.
499 3921 517 3975 l.
536 3938 561 3992 p.
582 3922 635 3978 120
652 3922 711 3978 adn.
732 3924 755 3977 1.

346 4009 368 4077 ¹)
386 4027 412 4078 p.
431 4011 474 4078 27,
494 4010 580 4067 2411.
599 4011 643 4065 W.

345 4097 366 4168 ⁸)
384 4097 501 4154 Kochlar
518 4099 535 4154 l.
555 4099 573 4156 l.
591 4115 618 4170 p.
637 4101 727 4174 anast.

345 4187 367 4256 ο)
385 4187 490 4257 Lipsius
509 4191 664 4244 Bericuted.
685 4193 718 4245 K.
735 4194 826 4248 saeclis.
848 4195 1043 4261 Gerellrchaftd
1072 4197 1107 4247 u.
1128 4193 1194 4254 1891
1214 4211 1241 4265 p.
1259 4193 1302 4252 43.

346 4275 378 4347 ¹⁰)
396 4293 422 4346 p.
442 4276 484 4346 27,
504 4277 538 4333 22
556 4277 589 4332 K.
609 4277 653 4335 W.

347 4365 652 4436 npmmnn
