3144 4826
726 310 938 414 ..A

249 513 338 574 πλείω
361 509 415 594 γὰρ
440 517 471 572 ἐκ
499 521 549 591 τῆς
571 509 698 591 Εὖβοίας
721 508 738 589 ἢ
760 522 810 589 τῆς
864 505 990 589 Εὔβοιαν
1036 507 1267 578 ἀπολωλέκεσαν,
1313 501 1344 576 ἐξ
1389 498 1422 581 ipe

247 619 373 698 Ἀττικῆς
396 615 546 700 ἐτύγχανον
569 613 760 696 ὠφελούμενοι
864 617 952 677 πλείω
980 612 997 694 ἢ
1023 625 1073 692 τῆς
1097 613 1226 691 Ἀττικῆς
1248 610 1421 690 ὠφελοῦντο.

831 740 834 869 γ
1202 749 1419 834 mmm

832 881 834 974 γ
862 867 925 925 Ἐπὶ
959 862 986 924 δ’
1018 858 1068 924 οὖν
1096 875 1157 934 τοῖς
1187 862 1364 944 ἠγγελμένοις
1394 865 1424 920 οἱ

832 1040 834 1078 Ι
857 971 1058 1048 Ἀθηναῖοι..
1079 971 1256 1047 ,ἐκκλησίαν
1278 966 1423 1046 ξυνέλεγον

250 1085 407 1143 κατέλυσαν
429 1078 495 1152 τοὺς
517 1085 720 1162 τετρακοσιόυς
832 1099 834 1149 ;
864 1125 870 1140 .
887 1129 894 1144 ,
911 1125 917 1139 .
934 1084 964 1139 ἐν
979 1073 1051 1157 ᾗπερ
1068 1080 1117 1136 καὶ
1137 1074 1203 1147 τοὺς
1217 1077 1424 1155 τετρακοσίους

250 1191 298 1249 καὶ
321 1185 358 1248 τὰ
381 1186 539 1269 πράγματα
555 1191 729 1268 παρέδωκαν
748 1199 808 1256 τοῖς
832 1152 834 1274 λ
863 1184 1102 1254 καταπαίσαντες
1113 1195 1173 1254 τοῖς
1184 1182 1424 1261 πεντακισχιλίοις

250 1296 484 1376 πεντακισχιλίοις
830 1275 834 1369 λ
863 1295 1045 1372 ἐψηφίσαντο
1075 1289 1112 1352 τὰ
1140 1287 1297 1372 πράγματα
1328 1310 1423 1367 παρα-

249 1413 309 1470 τοῐς
332 1405 362 1460 ἐκ
385 1413 439 1462 των
464 1397 568 1472 ὅπλων,
863 1404 959 1461 δοῦναι
979 1449 986 1464 .
1004 1396 1076 1460 εἶναι
1099 1400 1129 1459 δὲ
1146 1397 1239 1459 αὐτῶν
1253 1394 1355 1459 ὁπόσοι
1373 1398 1423 1455 καὶ

249 1505 449 1586 ψηφισάμενοι
471 1493 721 1588 μηδεμίανςῆρχὴν
738 1505 807 1567 εἶναι
863 1501 938 1567 ὅπλα
984 1509 1167 1586 παρέχονται·
1218 1507 1267 1564 καὶ
1312 1501 1424 1580 μισθὸν

249 1612 443 1694 μισθοφόρον,
863 1616 969 1691 μηδένα
994 1616 1091 1692 φίρειν
1114 1615 1254 1689 μηδεμιᾶς
1277 1611 1374 1692 ἀρχῆς.

831 1723 833 1759 ¹
862 1741 910 1798 καὶ
938 1737 988 1819 οὐχ
1021 1732 1123 1815 ἥκιστα
1158 1733 1193 1814 δι’]
1226 1733 1275 1796 τὸν
1310 1743 1423 1811 πρῶτον

250 1851 365 1907 δοκοῦσι
404 1847 434 1908 δὲ
473 1848 564 1916 καλῶς
602 1849 833 1926 πολιτευθῆναιι
861 1845 962 1927 χρόνον
986 1849 1036 1906 ἐπί
1056 1848 1078 1927 γ’
1099 1843 1331 1924 ἐμοῦἈθηναΐοι
1356 1844 1422 1920 φαί-

250 1951 324 2013 κατίι
348 1953 464 2023 τούτους
483 1952 551 2024 τοὺς
574 1951 698 2035 καιρούς,
862 1976 957 2014 νονται
994 1948 1025 2014 εὖ
1058 1950 1286 2020 πολιτείσαντες·
1318 1952 1422 2029 μετρία

861 2057 915 2141 γὰρ
952 2056 968 2139 ἦ
1000 2081 1032 2122 τε
1067 2065 1095 2130 ἐς
1129 2056 1194 2129 τοὺς
1229 2057 1338 2137 ὀλίγους
1373 2059 1421 2116 καί

250 2169 375 2243 πολέμου
408 2189 438 2227 τε
477 2175 662 2237 καθεστῶτος
692 2171 741 2228 καὶ
776 2172 807 2228 ἐκ
830 2205 833 2262 η
860 2163 927 2237 τοὺς
956 2164 1079 2238 πολλοὺς
1112 2164 1265 2247 ξίιγκρασις
1299 2168 1422 2244 ἐγένετο,

249 2284 303 2334 τῶν
325 2268 420 2333 ὅπλων
442 2283 491 2352 τῆς
514 2276 658 2344 πολιτείας
681 2271 776 2352 οίισης,
830 2281 832 2362 η
861 2277 910 2334 καὶ
942 2278 972 2334 ἐκ
1002 2283 1130 2352 πονηρῶν·
1163 2281 1217 2333 των
1246 2269 1424 2352 πραγμάτων

861 2385 1016 2462 γευομένων
1043 2391 1126 2443 τοῦτο
1155 2390 1266 2460 πρῶτον
1290 2377 1423 2459 ἀνήνεγκε

830 2531 832 2547 .
861 2485 912 2567 τὴν
936 2487 1025 2556 πόλιν.
1247 2484 1248 2488 ¹

340 2621 372 2686 Si
405 2619 554 2686 addimus
585 2620 685 2687 etiam
717 2622 757 2687 de
782 2625 987 2688 Aristocrate
1012 2630 1046 2688 et
1069 2623 1272 2689 Theramene
1296 2621 1423 2702 Thucp·

250 2727 405 2813 didem1),
430 2747 494 2794 non
529 2728 628 2794 aliter
666 2729 813 2797 iudicare
847 2736 947 2812 atque
982 2731 1196 2798 Aristotelem
1205 2730 1248 2813 2),
1284 2735 1423 2810 apparet

249 2851 507 2916 unamquamque
531 2836 729 2902 sententiam
761 2839 883 2905 hahere
913 2840 999 2921 apud
1023 2837 1248 2920 Thucydidem
1271 2837 1314 2900 ad
1337 2835 1423 2914 quod

249 2940 423 3009 referatur.
471 2943 516 3009 Ut
546 2962 702 3010 summam
735 2943 911 3013 iaciamus:
936 2954 1029 3028 patet
1059 2944 1268 3012 Aristotelem
1293 2943 1422 3024 Thucy-

250 3048 334 3114 didis
358 3049 591 3132 expositionem
616 3051 736 3134 legisse
761 3061 795 3118 et
818 3051 865 3117 ibi
888 3055 1034 3118 secutum
1060 3069 1145 3131 esse,
1170 3051 1226 3117 ubi
1249 3049 1421 3131 satisfecit,

250 3155 303 3221 uhi
327 3159 422 3238 plura
445 3157 523 3226 dare
546 3159 671 3242 maluit,
696 3159 869 3225 Atthidum
893 3159 1064 3226 thesauros
1088 3159 1217 3227 adiisse.

338 3281 480 3347 Similem
525 3283 683 3349 rationem
730 3301 803 3350 cum
842 3282 1054 3363 sequentibus
1092 3303 1184 3365 capp.
1229 3281 1329 3349 habet
1367 3283 1422 3364 qni

250 3387 451 3472 Thucydidis
476 3407 556 3472 opus
580 3390 787 3460 continuavit
809 3390 1002 3472 Xenophon.
1036 3391 1137 3475 Quem
1161 3389 1372 3456 Aristotelem
1388 3388 1422 3455 iu

249 3493 417 3561 scribendo
442 3497 626 3578 respexisse
657 3505 747 3564 certo
784 3495 948 3578 colligitur
984 3517 1024 3564 ex
1055 3496 1226 3566 sententiis
1257 3496 1421 3562 nonnullis

249 3618 329 3679 quas
354 3599 537 3684 Xenophon
561 3603 798 3670 Theramenem
823 3601 1044 3684 proferentem
1069 3603 1166 3671 fecit:

343 3733 701 3820 masma
835 3719 837 3806 l
974 3735 1312 3821 mmmmm

863 3850 893 3905 du
923 3843 1025 3907 τοίτου
1047 3851 1142 3922 μέντοι
1166 3850 1291 3925 Κριτίας
1307 3849 1369 3906 uni
1394 3851 1422 3906 σι’

248 3953 276 4008 ol
298 3948 467 4033 di(scil.ot'
488 3948 678 4038 τριάκοντα).
697 3954 806 4032 ,ροβη
863 3948 944 4014 ἄλλοι
970 3948 1140 4034 τριάκοντα,
1168 3949 1220 4032 ἤδη
1247 3951 1421 4034 φοβούμενοι

290 4060 391 4126 θέντες
413 4053 453 4134 μὴ
475 4055 640 4137 προστάτης
661 4057 808 4141 γενόμενος
861 4063 910 4120 καὶ
935 4061 987 4140 οὐχ
1011 4055 1113 4138 ἦκιστα
1135 4058 1185 4122 τὸν
1203 4059 1365 4142 Θηραμένη,
1382 4057 1422 4138 μὴ

339 4285 361 4353 ¹)
380 4284 461 4342 Thuc.
481 4287 549 4346 Vlll
568 4289 611 4358 89,
630 4291 655 4347 2.
675 4289 717 4359 92,
737 4291 754 4348 2
772 4305 829 4362 sqq.

337 4373 358 4443 ¹)
376 4370 434 4427 Ἀθ.
454 4373 514 4428 πολ.
533 4391 559 4444 p.
579 4376 622 4444 at,
642 4377 712 4433 5-8
730 4377 763 4434 Κ.
783 4378 827 4433 W.
