3144 4826
614 264 822 369 „33-

224 461 330 527 Multa
364 463 405 526 tle
439 461 501 529 hoc
534 461 688 546 temporis
722 461 828 546 spatio
856 461 1096 544 iecitiurlioia,
1120 460 1299 529 sedetiam

137 567 271 635 aliorum
303 567 449 652 respexit
471 568 667 654 sententiae,
692 575 729 636 ut
750 568 821 652 ipse
845 569 989 636 testatur
1013 569 1140 636 verbis:
1176 568 1225 646 ἀφ’
1262 562 1300 630 ὧν

136 677 280 738 αἰτιῶνται
299 697 395 746 τινες
416 679 527 757 χείρους
549 674 686 758 γενέσθαι
697 678 730 765 1).
777 676 918 760 Quorum
943 695 961 742 e
984 693 1116 744 numero
1139 691 1222 742 uuus
1245 673 1301 756 qui

21 847 22 852 ,
136 781 184 850 ite
204 782 436 866 iudicaverit2)
459 789 568 852 exstet
588 785 783 852 notissimus.
815 785 912 852 Plato
929 783 1063 851 enimin
1080 783 1180 866 Gorg.
1197 779 1299 850 5151]

137 889 184 956 iia
207 889 335 956 locutus
357 895 421 955 est:
446 889 520 952 ἀλλὰ
542 891 606 954 τόδε
629 915 676 968 μοι
701 892 760 952 εἰπὲ
785 895 830 952 ἐπέ
848 891 946 968 τούτῳ,
970 893 998 951 εἰ
1009 889 1137 971 λέγονται
1149 887 1300 966 Ἀθηναῖοι

21 989 22 998 ’
137 995 183 1058 διὰ
200 995 345 1074 Περικλέα
360 998 527 1077 βελτίους
549 999 741 1078 γεγονέναι,
760 995 849 1078 ἢπᾶν
863 997 1028 1060 τούναντίον
1047 1001 1301 1076 διαφθαρῆναι

138 1104 182 1165 ὑπ’
207 1107 313 1164 ἐκείνου
341 1155 348 1170 .
372 1107 453 1164 ταυτὶ
486 1103 540 1185 γὰρ
577 1103 662 1186 ἔγωγε
697 1105 807 1177 ἀκούοι,
842 1103 987 1186 Περικλέα
1011 1102 1193 1182 πεποιηκέναι
1214 1101 1300 1180 Ἀθη·

137 1211 304 1282 ναέοος...
330 1211 585 1292 φιλαργύρους,
621 1216 671 1283 εἰς
701 1215 955 1294 μισθοφορίαν
989 1219 1127 1292 πρῶτον
1158 1206 1301 1288 καταοτέρ·

137 1341 239 1382 σαντα.

224 1461 290 1528 Sed
313 1459 501 1543 Platonem,
533 1480 725 1543 quamquam
756 1461 897 1528 fortasse
926 1459 1070 1545 respexit
1093 1458 1299 1536 Aristoteles,

137 1575 247 1634 tamen
282 1585 345 1633 uon
381 1565 512 1651 proprie
548 1567 634 1634 illins
664 1569 848 1635 sententiae
870 1577 1036 1634 auctorem
1060 1565 1162 1633 foisse
1185 1566 1303 1633 docent

137 1691 221 1756 qnae
253 1687 447 1755 sequuntur:
483 1674 677 1754 κληρουμένων
716 1676 760 1736 ἀεὶ
797 1677 905 1753 μᾶλλον
941 1683 996 1737 τῶν
1026 1671 1165 1756 παρόντων
1199 1669 1217 1752 ἢ
1248 1681 1303 1735 τῶν

136 1785 262 1844 ἐπιεικῶν
296 1780 472 1864 ἀνθρώπων,
509 1782 626 1862 quibus
660 1781 769 1850 verbis
808 1781 856 1847 illi
890 1779 981 1860 ‚castr
1016 1779 1171 1847 iudicium
1209 1797 1301 1846 suum

136 1887 393 1974 firmaverunt⁸).
440 1887 532 1972 Quae
556 1906 626 1954 cum
650 1887 698 1955 ita
721 1889 795 1970 sint,
821 1889 1002 1956 cavendum
1026 1905 1099 1954 esse
1122 1885 1302 1971 opinamur,

136 2014 176 2061 ne
211 2012 368 2078 ponamus
391 1994 601 2061 Aristotelem
636 1993 827 2077 ubicumque
862 2013 933 2060 cum
956 1994 1097 2061 Platone
1120 1993 1304 2062 consentiat

137 2109 193 2167 aut
217 2099 393 2168 dissentiat
422 2101 570 2168 consulto
600 2103 641 2168 ad
666 2102 762 2170 huius
785 2100 986 2184 spectavisse
1009 2101 1203 2168 sententias.
1250 2101 1303 2167 Ita

137 2211 300 2274 consentit
316 2209 402 2274 alter
417 2227 490 2276 cum
506 2209 610 2275 altero
618 2207 645 2293 ⁴)
660 2209 692 2275 in
710 2207 872 2276 maritimo
888 2207 1023 2291 imperio
1040 2209 1301 2276 condemnando:

135 2315 195 2382 sed
217 2313 312 2381 multi
335 2314 393 2380 alii
407 2313 485 2382 item
502 2315 742 2400 iudicaverunt,
768 2320 804 2381 ut
819 2315 900 2381 scite
916 2314 1078 2400 Keiliusl)
1102 2314 1301 2398 explanavit.

136 2421 235 2488 Certa
247 2439 311 2488 non
324 2425 458 2488 exstant
475 2429 669 2506 argumenta
682 2421 800 2504 ouibus
816 2420 879 2488 uisi
895 2429 1077 2488 statuamus
1090 2422 1303 2488 Aristotelem

135 2537 193 2594 aut
214 2527 303 2594 hunc
329 2532 389 2594 aut
411 2527 502 2594 illum
523 2528 677 2594 habuisse
709 2535 884 2596 auctorem.
931 2528 975 2594 llo
998 2546 1069 2594 oum
1093 2526 1304 2612 philosophus

135 2633 167 2701 iu
197 2633 413 2702 aestimandis
447 2634 527 2702 uiris
561 2634 807 2718 praestantibus
836 2635 929 2702 modo
953 2653 1024 2700 oum
1047 2635 1185 2702 Platone
1208 2635 1303 2700 modo

134 2759 207 2810 cum
223 2741 370 2810 Isocrate
386 2741 525 2826 aliisque
541 2757 653 2809 contra
669 2741 839 2809 Platonem
856 2739 983 2826 lecerit,
1001 2749 1139 2826 apparet
1153 2759 1226 2808 eum
1238 2759 1304 2809 non

133 2849 270 2916 aliorum
286 2847 405 2916 iudicio
429 2848 560 2917 stetisse
583 2849 641 2916 sed
653 2849 785 2933 proprio
810 2847 918 2916 Marte
933 2847 1048 2916 tulisse
1064 2847 1304 2934 sententiam).

134 2955 184 3022 De
207 2973 271 3022 uno
295 2961 422 3023 tantum
439 2957 559 3026 iudicio
579 2956 758 3040 periculum
775 2953 982 3023 coniectandi
1006 2955 1193 3024 subeamus:
1218 2961 1307 3038 post

134 3079 228 3144 quem
253 3061 452 3131 Aristoteles
486 3065 526 3132 de
550 3063 751 3146 cleophonte
784 3069 818 3130 et
845 3060 1022 3130 Callicrate
1056 3063 1224 3145 exposuit,
1260 3061 1309 3128 ita

134 3167 288 3254 pergito:
320 3165 428 3230 τούτων
460 3171 512 3246 μέν
546 3165 596 3234 οὖν
619 3168 794 3250 ἀμφοτέρων
816 3167 949 3231 θάνατον
971 3169 1154 3251 κατέγνωσαν
1178 3167 1308 3248 ὕστερον

133 3275 238 3338 cristes
260 3273 316 3357 γὰρ
338 3273 392 3338 κᾶν
415 3275 588 3358 ἐξαπατηθῇ
608 3273 643 3339 τὸ
665 3279 782 3356 πλῆθος
805 3273 923 3356 ὕστερον
944 3287 1040 3354 μισεῖν
1053 3274 1121 3348 soie
1135 3299 1162 3336 τι
1179 3295 1309 3356 προαγα-

133 3379 234 3462 γόντας
256 3394 347 3444 ποιεῖν
369 3380 475 3454 αὐτοὺς
496 3395 551 3448 τῶν
572 3381 613 3464 μὴ
634 3385 729 3456 καλῶς
750 3380 878 3466 ἐχόντων.

136 3539 222 3546 ----
231 3537 312 3545 -ι-α-

222 3615 230 3646 ¹
279 3655 286 3669 .
305 3614 348 3680 30,
368 3615 383 3668 7
432 3613 465 3668 Κ.
486 3616 530 3670 W.

221 3615 242 3774 ’έ
260 3631 334 3772 Ι(έιιεο
352 3615 482 3760 Ιεέξττιοε
495 3702 549 3760 vn
562 3705 599 3762 82
608 3702 674 3760 vm
690 3703 743 3760 130
756 3703 809 3763 XV
826 3705 876 3760 152
894 3705 928 3760 de
941 3704 1064 3760 mercede
1080 3701 1188 3774 publice
1202 3701 1313 3772 protulit

130 3792 198 3849 alius
215 3795 279 3848 sunt
296 3795 413 3848 naturae.

221 3881 242 3950 ¹)
260 3881 362 3940 Keilius
380 3881 399 3940 l.
418 3881 434 3936 l.
455 3899 479 3954 p.
498 3883 551 3942 212
569 3885 628 3940 adn.
651 3885 663 3938 1
685 3899 739 3939 non
759 3887 830 3940 reeta
844 3881 961 3953 percepit
979 3881 1045 3938 haec
1061 3879 1151 3950 rerba,
1170 3879 1312 3950 inquibus

131 3971 223 4028 eadem
241 3971 373 4028 sententis
384 3973 455 4028 inest
471 3973 551 4044 atque
565 3974 593 4028 in
610 3971 689 4032 Polit.
701 3971 793 4030 129311
808 3969 1134 4030 1-1οο1Ρε.Χοιι.Ἅθ.
1145 3967 1208 4026 πολ.
1219 3983 1244 4026 o.
1255 3971 1276 4034 Ι,
1287 3967 1312 4022 3.

219 4059 244 4128 ⁴)
262 4059 339 4116 Plato
357 4059 435 4130 Gorg.
454 4060 629 4118 otmaro.
647 4060 707 4120 καὶ.
727 4075 754 4130 p.
773 4063 816 4124 29,
837 4061 879 4118 15.
897 4059 941 4128 45,
959 4061 985 4120 4.

220 4148 241 4216 ³)
259 4147 328 4206 Keil
347 4149 365 4206 t
384 4149 402 4204 l
420 4165 446 4220 p.
465 4149 591 4210 alstra.

220 4235 242 4306 ’1
260 4235 337 4304 Quod
355 4239 389 4294 de
406 4239 568 4296 Thenmene
586 4238 706 4298 detenuit
726 4241 806 4298 etiem
825 4237 927 4296 Kellios
946 4237 964 4296 l
983 4237 1001 4294 1.
1020 4253 1045 4308 ρ.
1064 4237 1119 4298 206
1137 4239 1201 4298 adn.
1222 4235 1248 4292 2.

223 4325 517 4398 pofflKW
