3144 4826
681 285 891 388 -..HL

201 505 260 552 sna
284 485 411 552 ratione
435 503 526 552 usum
551 501 623 551 esse
647 489 700 552 sat
723 484 825 551 multa
848 481 941 549 nobis
965 482 1188 565 probaverunt
1208 477 1366 560 exempla.

201 593 266 660 Sed
289 591 451 662 dubitanti
486 591 586 658 etiam
620 589 829 673 persuadebit
851 587 1049 656 narrationis
1084 594 1191 666 tenor,
1228 604 1290 667 quo
1325 584 1366 650 de

199 698 328 766 Solonis
356 697 474 766 itinere
509 699 594 782 apud
625 704 796 780 utrumque
826 695 981 763 refertur.
1035 693 1190 778 Legimus
1218 693 1367 761 Solonem

199 805 327 890 legibus
351 805 538 873 constitutis
562 803 656 892 (Hdi.
681 807 707 888 I,
732 803 790 870 29:
819 801 922 880 νόμους
956 799 1094 882 nordeum
1124 803 1226 867 Arist.
1256 817 1283 865 c.
1309 797 1366 864 11:

200 910 340 986 διατάξαι
362 910 412 992 τὴν
434 911 592 998 πολιτείαν)
616 930 675 996 per
699 913 811 978 decem
834 929 936 978 annos
960 927 1098 993 peregre
1122 927 1158 976 se
1181 908 1368 989 Aegyptum

105 1066 107 1070 -
201 1019 379 1086 contulisse
403 1019 464 1105 (Hz
489 1017 673 1098 ἀπεδήμησεν
704 1015 769 1080 ἔνια
793 1022 863 1080 δέκα
891 1016 1092 1098 ἐςνΑἴγνιινσν
1115 1018 1172 1082 Α.;
1204 1013 1368 1092 ἀποδημίαν

200 1123 356 1207 ἐποιήσατο
380 1131 419 1198 εἰς
440 1125 591 1208 Αἴγυπτον
613 1130 684 1188 δέκα
708 1125 799 1211 ἐτῶν).
837 1125 979 1192 Easdem
995 1122 1092 1190 affert
1106 1121 1236 1190 itineris
1252 1137 1369 1186 causas

200 1234 388 1302 Herodotus
423 1230 513 1319 (κατὰ
550 1236 675 1316 θεωρίης
708 1231 866 1315 πρόφασιν,
903 1230 949 1294 ἵνα
983 1228 1018 1310 δὴ
1051 1227 1155 1308 persana
1188 1238 1242 1291 τῶν
1275 1223 1369 1304 νόμων

201 1343 378 1424 ἀναγκασθῇ
398 1343 483 1402 λῦσαι
506 1351 560 1404 τῶν
585 1339 686 1426 ἔθετο)
711 1348 744 1406 et
759 1340 954 1408 Aristoteles
979 1338 1162 1424 (βουλόμενος
1184 1335 1254 1416 μήτε
1276 1345 1369 1396 ναῦτα

200 1460 286 1511 κινεῖν
308 1446 379 1528 μήτε
402 1445 632 1531 ἅαιχθσὶνισθαι
655 1501 661 1514 .
688 1499 695 1512 .
722 1501 728 1514 .
753 1447 828 1510 κατὰ
851 1446 1004 1533 θεωρίαν).
1052 1445 1279 1515 contraham
1301 1439 1370 1508 noli

201 1557 426 1639 argumentari
450 1555 642 1640 Stagiritem
677 1555 803 1622 Solonis
838 1556 879 1622 ad
908 1556 1060 1623 Croesum
1095 1553 1172 1634 iter,
1207 1551 1250 1616 ad
1285 1549 1370 1630 quod

200 1660 363 1728 Herodoti
401 1660 548 1728 narratio
586 1661 732 1744 inprimis
770 1667 915 1744 spectat,
964 1679 1005 1728 ne
1043 1659 1193 1744 tetigisse
1232 1655 1371 1738 quidem.

202 1769 404 1836 Condemnat
427 1769 635 1852 philosophus
658 1767 747 1835 illem
771 1767 925 1836 fabellam
953 1765 1099 1834 silentio:
1130 1783 1207 1832 nam
1237 1763 1265 1830 si
1297 1751 1370 1830 enm

200 1877 405 1960 interrogare
429 1893 604 1958 possemus,
628 1893 692 1940 non
717 1874 903 1941 dubitamus
930 1875 1007 1954 quin
1030 1889 1245 1954 responsurus
1268 1877 1370 1936 esset:

202 1993 333 2066 φανερῶς
366 1985 499 2062 ληροῦσιν
534 1989 562 2044 σι’
594 1980 755 2062 φάσκοντες
781 1981 829 2070 τὸν
852 1979 974 2043 Σόλωνα
998 1981 1162 2058 ἀποδημίαν
1185 1975 1371 2058 ποιήσασθαι

201 2086 282 2169 παρὰ
305 2091 450 2171 Κροῖσον·
484 2090 516 2151 οὐ
541 2086 595 2170 γὰρ
619 2093 760 2170 ἐνδέχεται
782 2101 847 2158 ταῖς
869 2090 1003 2170 ἡλικίαις,
1035 2084 1085 2148 ἐάν
1106 2109 1149 2156 τις
1172 2083 1371 2165 ἀναλογίζηναι

201 2193 251 2258 τὸν
262 2200 412 2278 ’ἑκατέρου
433 2199 505 2278 βίον.

291 2301 451 2370 Profeeta
489 2308 539 2368 est
578 2301 802 2370 commentatio
840 2306 954 2368 nostra
992 2301 1033 2366 ab
1072 2299 1259 2381 Herodoto,
1299 2316 1371 2366 cum

202 2411 369 2477 Herodoto
393 2409 490 2476 finem
515 2409 633 2492 capiat.
674 2409 757 2474 Nam
781 2407 815 2472 in
838 2407 944 2474 altera
967 2405 1043 2472 libri
1067 2405 1255 2474 Aristotelei
1278 2410 1372 2486 parte

204 2516 419 2584 examinanda
436 2534 661 2583 consumamus
673 2533 784 2582 euram
798 2517 1009 2598 posteriorem
1021 2532 1107 2580 nunc
1119 2513 1199 2582 satis
1211 2513 1372 2581 hebentes

202 2623 315 2706 paucis
338 2625 509 2708 complecti
532 2641 614 2704 qnae
638 2623 791 2690 eruimus.

291 2731 489 2798 Aristoteles
527 2749 595 2796 rem
625 2730 789 2812 publicam
816 2729 1064 2798 Atheniensium
1095 2727 1280 2795 describere
1310 2725 1373 2792 sibi

203 2838 377 2921 proposuit.
423 2837 596 2904 Materiam
622 2837 704 2904 scite
738 2837 852 2908 divisit
886 2837 920 2903 in
955 2839 1036 2902 duas
1070 2845 1200 2917 partes,
1236 2851 1371 2914 quarum

203 2946 311 3012 altera
334 2945 382 3012 rei
406 2944 557 3028 publicae
572 2943 708 3012 historia
725 2945 830 3011 altera
847 2944 916 3010 eius
932 2944 1034 3025 ipsius
1051 2941 1170 3008 aetatis
1184 2940 1372 3010 constitutio

204 3052 350 3120 eontinet
391 3106 398 3119 .
451 3054 559 3133 Atque
582 3051 615 3117 in
639 3051 744 3134 prima
775 3061 869 3135 parte
894 3051 1130 3118 conscribenda
1152 3067 1268 3116 munus
1292 3047 1374 3116 obiit

204 3159 374 3226 materiam
393 3157 559 3241 deligendi
575 3157 714 3224 axelius
730 3159 858 3240 generis
875 3157 1035 3242 operibns
1059 3157 1170 3239 qualia
1185 3156 1373 3223 Herodotus

204 3265 415 3350 Thucydides
438 3265 621 3348 Xenophon
647 3263 902 3348 Atthidographi
925 3266 1138 3346 praebebant.
1184 3262 1266 3330 Inde
1289 3281 1373 3344 quae

205 3374 339 3442 consilio
373 3392 430 3440 suo
466 3374 630 3442 servirent
665 3373 857 3456 deprompta
892 3371 1030 3440 dilucide
1059 3370 1220 3454 disposuit
1241 3368 1372 3453 proprio

205 3488 239 3548 et
262 3487 351 3549 certo
376 3499 452 3548 usus
484 3479 628 3547 consilio.
675 3481 714 3548 In
738 3498 847 3546 rerum
871 3481 1078 3546 enarratione
1101 3483 1252 3545 auctores
1275 3494 1373 3558 saepe

205 3591 248 3655 ad
283 3591 417 3658 verbnm
452 3596 584 3654 secutus
618 3588 666 3654 ita
700 3595 853 3656 versatus
876 3594 940 3673 est,
965 3594 1002 3654 ut
1024 3605 1108 3669 quae
1131 3585 1194 3668 ipsi
1218 3592 1277 3652 aut
1299 3584 1373 3651 aliis

205 3704 302 3761 erant
324 3694 405 3761 satis
428 3698 508 3760 nota
531 3693 678 3765 breviter
694 3699 818 3760 tuntum
840 3697 1001 3779 tangeret,
1026 3711 1110 3775 quae
1127 3711 1298 3776 perperam
1314 3711 1373 3774 pro

207 3801 296 3870 veris
320 3802 529 3868 habebantur
551 3799 730 3868 autminus
753 3809 843 3867 recte
860 3808 955 3868 erant
969 3799 1198 3868 administrata
1222 3799 1316 3882 plene
1340 3803 1374 3864 et

205 3915 362 3976 accurate
387 3909 600 3976 describeret.

295 4017 457 4084 Summam
485 4015 591 4100 legem
619 4017 733 4083 hahuit
761 4014 917 4084 historiae
949 4015 1064 4101 fidem,
1089 4023 1203 4082 contra
1227 4033 1322 4096 quam
1346 4011 1374 4078 si

205 4124 283 4204 quid
305 4141 440 4204 peceare
464 4122 495 4189 ei
515 4124 690 4191 ridebatur
713 4130 770 4190 aut
793 4123 923 4191 silentio
947 4121 1118 4204 praeteriit
1141 4127 1198 4188 aut
1213 4121 1374 4188 refutavit

205 4232 408 4316 argumentis
446 4236 479 4296 et
517 4229 565 4297 ita
602 4231 636 4296 in
672 4230 810 4298 historia
849 4229 1099 4312 conscribenda,
1139 4236 1175 4295 ut
1213 4248 1273 4311 par
1312 4237 1372 4311 est,

206 4337 396 4406 historicum
431 4355 466 4403 se
500 4337 677 4419 praestitit.
724 4338 757 4406 Si
796 4347 906 4406 tamen
930 4357 1005 4404 raro
1029 4335 1158 4416 accidit,
1192 4344 1229 4402 ut
1251 4335 1374 4401 fumum
