3144 4826
740 291 954 392 „ifl—

352 488 501 570 Apparet
515 486 704 570 philosopho
729 487 795 554 alia
812 505 938 569 quoque
955 487 1132 554 obversata
1147 505 1228 571 esse,
1254 488 1426 569 exquibus

264 596 450 661 universam
488 593 577 660 illam
616 594 813 660 sententiam
852 593 1011 676 oonoepit.
1058 597 1167 674 Atque
1205 612 1225 658 a
1262 592 1326 660 fide
1363 613 1427 661 non

264 700 417 768 abhorret
440 719 512 767 eum
535 699 761 782 Xenophontis
784 701 888 766 locum
913 699 1068 766 memoria
1090 699 1243 779 tenuisse,
1267 701 1309 766 ad
1333 719 1427 781 quem

265 807 363 874 etiam
398 809 500 876 verba
534 808 642 888 aliquo
677 807 770 874 modo
806 807 952 874 alludere
987 806 1152 874 videntur.
1200 808 1262 876 Ille
1286 805 1371 874 enim
1394 806 1428 872 in

264 902 443 981 Hellenicis
456 913 480 998 ¹)
504 916 587 981 haee
609 913 774 981 narravit:
799 917 847 974 καὶ
870 913 904 976 od
926 915 1021 992 πολλῷ
1040 913 1130 996 χρόνῳ
1154 911 1272 993 ὕστερον
1294 911 1441 992 μετέμελε

263 1033 322 1092 τοῖς
340 1020 515 1100 Ἀθηναίοις,
533 1024 581 1082 καὶ
597 1025 789 1100 ἐψηφίσαντο,
806 1019 943 1091 οἵτινες
964 1019 1024 1082 τόν
1047 1025 1160 1099 δῆμον
1184 1018 1427 1100 ἐξηπάτησαν,

264 1125 409 1209 προβολὰς
431 1129 524 1190 αὐτῶν
555 1125 626 1188 εἶναι
642 1179 648 1192 .
667 1179 673 1192 .
692 1123 810 1207 όστερον
833 1129 863 1189 δὲ
882 1181 887 1192 .
907 1127 1104 1206 ,ἀπέδρασαν
1133 1122 1220 1206 οὗτοι,
1239 1178 1245 1191 .
1264 1177 1270 1192 .
1290 1177 1296 1192 .
1321 1129 1428 1189 Καλλί-

264 1234 342 1307 ξενος
364 1235 395 1296 δὲ
414 1285 420 1299 .
440 1287 446 1299 .
464 1233 687 1312 μισούμενος
710 1231 777 1296 tut
801 1233 946 1296 πόντων
969 1236 1041 1312 λιμῷ
1061 1234 1220 1298 ἀπέθανεν.

351 1361 546 1425 Perseoutus
581 1363 632 1424 est
654 1359 852 1426 Aristoteles
886 1377 993 1424 rerum
1030 1376 1156 1424 sursum
1180 1377 1281 1440 usque
1305 1360 1350 1424 ad
1375 1377 1428 1424 ex-

264 1465 463 1548 peditionem
486 1465 520 1532 in
537 1465 681 1533 Siciliam
706 1465 841 1548 iaotam;
869 1466 958 1533 ouius
982 1468 1138 1534 adversus
1155 1472 1292 1534 eventus
1316 1465 1430 1548 quanti

264 1573 298 1640 in
321 1591 357 1638 re
381 1571 511 1656 publiea
534 1572 762 1640 constituendo
785 1572 939 1638 momenti
961 1571 1063 1638 fuerit
1087 1573 1182 1639 dooet
1215 1572 1248 1637 in
1273 1571 1321 1638 eis
1345 1592 1430 1654 quae

264 1681 489 1767 sequuntur'2).
562 1680 600 1745 In
652 1680 713 1746 hoo
766 1686 909 1762 tempore
964 1679 1176 1746 describendo
1222 1679 1430 1762 Thucydides

265 1793 398 1870 praeter
422 1786 562 1860 solitum
596 1785 756 1870 copiosius
792 1787 890 1854 etiam
930 1787 969 1853 de
1003 1788 1101 1852 rebus
1140 1788 1181 1853 ad
1221 1791 1345 1852 statum
1381 1787 1431 1853 rei

265 1891 413 1978 publicae
437 1891 677 1975 pertinentibus
700 1891 733 1958 in
756 1891 840 1959 libro
864 1899 981 1960 octavo
1006 1893 1163 1976 exposuit.
1211 1896 1305 1960 Haeo
1328 1894 1428 1977 philo-

265 1999 399 2084 sophum
433 1999 554 2082 legisse
584 2006 617 2067 et
645 1999 828 2082 respexisse
852 2019 910 2082 pro
934 2005 1024 2066 oerto
1048 2001 1205 2068 habemus
1233 2007 1266 2067 et
1290 2003 1431 2084 probant
1552 1983 1553 2070 i

265 2108 326 2174 iam
351 2105 456 2190 prima
474 2125 543 2190 oap.
562 2105 603 2175 29
620 2109 800 2191 enuntiata,
825 2109 942 2188 quibus
965 2126 1105 2188 eaquae
1127 2108 1227 2174 latius
1251 2115 1285 2174 et
1300 2109 1431 2191 plenius
1552 2145 1553 2190 3

265 2215 352 2299 apud
368 2215 593 2298 Thucydidem
618 2221 771 2280 enarrata
794 2216 969 2281 exstabant
991 2215 1103 2296 paucis
1126 2215 1322 2281 adumbrata
1345 2222 1430 2282 sunt.
1552 2251 1553 2298 3

266 2322 326 2388 ille
351 2321 444 2388 enim
459 2328 528 2388 tres
552 2322 750 2388 adverbum
776 2320 913 2387 tradidit
935 2323 1152 2388 instrumenta
1175 2321 1318 2388 foederis
1342 2321 1430 2389 inter

267 2427 545 2496 Lacedaemonios
579 2434 613 2494 et
647 2447 757 2511 regem
788 2429 964 2496 Persarum
993 2428 1073 2495 faeti
1081 2428 1117 2514 ³),
1154 2428 1243 2495 euius
1276 2435 1432 2496 eventum

266 2535 444 2618 Stagirites
467 2533 613 2601 breviter
637 2533 800 2618 depingit:
840 2536 1012 2617 ἰσχυρότατα
1045 2534 1083 2597 τὰ
1116 2546 1170 2599 τῶν
1193 2540 1433 2614 Λακεδαιμονίων

266 2647 372 2724 έχένιτο
397 2639 445 2704 drot
460 2639 510 2720 τὴν
533 2639 605 2721 πρὸς
619 2643 741 2722 βασιλέα
757 2647 933 2730 συμμαχέανχ
958 2642 1165 2726 Thucydides
1189 2643 1334 2724 pluribus
1351 2643 1433 2709 locis

265 2747 402 2832 protulit
424 2755 661 2831 argumentum,
701 2768 763 2830 quo
798 2749 831 2815 in
861 2752 972 2832 primis
996 2769 1105 2816 rerum
1133 2769 1292 2818 novorum
1323 2751 1433 2834 cupidi

266 2875 329 2924 non
353 2854 479 2921 frustra
502 2855 694 2921 utebantur:
732 2860 769 2918 Oi
791 2857 821 2916 δὲ
844 2854 918 2934 μετὰ
940 2866 991 2918 τοῦ
1013 2853 1198 2933 Πεισάνδρου
1219 2860 1402 2938 πρέσβεις..
1423 2912 1430 2926 ,

266 2959 434 3042 ἀφικόμενοι
469 2967 497 3031 ἐς
530 2957 583 3032 τοὶς
611 2959 755 3038 Ἀθήνας,
786 2959 885 3042 λόγους
908 2967 1055 3024 ἐποιοῦντο
1079 2967 1107 3022 έν
1129 2963 1266 3043 τῷδήμῳ
1290 2967 1430 3044 κέφαλοι·

266 3084 360 3144 οῦντες
383 3079 413 3134 έιι
437 3073 555 3144 πολλῶν,
589 3069 715 3149 μάλιστα
739 3072 769 3132 δὲ
804 3071 840 3142 ὡς
870 3069 942 3149 ἐξείη
965 3070 1084 3142 αὐτοῖς.
1104 3122 1135 3136 ..
1169 3069 1212 3149 μὴ
1235 3068 1294 3134 τόν
1317 3071 1430 3132 αὐτὸν

264 3179 404 3261 τρόπον
450 3181 818 3259 δημοκρατουμένοις
862 3158 1022 3258 βασιλέα
1061 3173 1245 3260 ξόμμαχον
1284 3175 1428 3264 ε’χειν4),

267 3295 301 3354 et
323 3287 421 3372 paulo
445 3285 548 3352 infra:
584 3287 668 3365 σφλσι
691 3307 721 3346 τε
745 3285 861 3346 οὐκέτι
885 3282 1002 3347 όντων
1025 3283 1256 3371 (χρημάτων),
1281 3290 1309 3346 εἰ
1329 3285 1367 3364 μή
1388 3307 1430 3358 τις

266 3397 359 3457 πείσει
381 3395 504 3475 βασιλέα
526 3401 701 3471 μεταστῆναι
724 3389 806 3471 παρὰ
834 3401 913 3470 σφᾶς
922 3391 960 3477 5),
999 3398 1045 3458 et:
1085 3396 1112 3453 εἰ
1140 3390 1187 3471 μὴ
1217 3397 1250 3462 ές
1285 3392 1430 3473 ὀλίγους

264 3503 405 3580 μᾶλλον
419 3497 486 3572 τὰς
501 3499 611 3581 οἰρχόις
628 3500 847 3578 ποιήσομεν,
872 3496 918 3559 ἵνα
934 3497 1072 3579 πιοτεόσχ
1088 3504 1155 3580 ἡμῖν
1170 3497 1314 3582 βασιλεύς,
1341 3517 1425 3580 quae

266 3608 450 3692 complexus
471 3606 574 3673 refert
595 3605 784 3690 Stagirites:
808 3602 935 3683 μάλιστα
951 3605 981 3667 di
998 3610 1235 3685 συμπεισθέντων
1251 3615 1304 3668 τῶν
1320 3607 1430 3668 πολλῶν

265 3754 476 3764 *uu—-

355 3822 375 3889 ¹)
393 3821 463 3876 Xen.
484 3820 555 3876 Heil.
576 3826 597 3890 Ι,
618 3823 642 3890 7,
662 3822 704 3876 34.

355 3910 375 3978 ¹)
394 3926 419 3980 p.
439 3910 481 3978 32,
501 3911 515 3962 7
535 3926 592 3981 sqq.
612 3910 644 3966 K.
665 3910 708 3962 W.

355 3998 375 4066 ⁸)
393 3999 473 4056 Thus.
492 3999 565 4056 vfll.
587 4001 628 4056 18.
648 3999 691 4053 37.
710 3999 752 4054 58.

354 4088 375 4156 ⁴)
393 4088 473 4143 Thus.
493 4088 568 4144 VIII.
587 4089 629 4144 53.

355 4176 375 4246 ⁵)
394 4177 436 4232 Ad
453 4176 519 4232 haee
536 4177 652 4232 maxime
679 4177 780 4246 spectat
806 4175 879 4231 ioous
906 4175 933 4229 in
952 4175 1029 4233 Poh't.
1067 4176 1136 4233 1304
1154 4175 1171 4228 b
1191 4176 1237 4230 13:
1269 4175 1314 4228 τὸν
1342 4171 1428 4243 δῆμον

267 4265 429 4333 ἐξηπάτησαν
442 4262 581 4334 φάσκοντες
593 4265 637 4318 τόν
650 4263 758 4334 βασιλέα
771 4261 923 4336 χρήματα
941 4261 1103 4334 παρέξειν
1121 4261 1242 4333 πρὸστὸν
1255 4260 1371 4332 πόλαμον
1382 4263 1428 4316 τόν

266 4355 329 4433 πρὸς
347 4351 581 4423 Λακεδαιμονίους.
