3144 4826
763 334 806 401 53

201 539 304 601 torum
333 531 459 614 iecisse,
500 551 579 614 quos
613 537 746 600 secutos
769 531 945 614 Polyzelus
980 529 1109 613 qnidam
1134 529 1289 612 Rhodius,
1330 535 1366 596 ut

199 639 321 722 aliquid
344 639 470 724 proprii
491 639 641 723 haberet,
665 637 814 706 Solonem
840 637 1024 720 quindecim
1056 637 1185 704 talenta
1219 635 1366 704 amisisse

200 757 399 815 commentus
422 755 482 813 est.
530 743 673 828 Quorum
697 747 882 813 sententiae
910 743 1109 815 influxerunt
1143 743 1176 810 iu
1211 761 1365 828 magnum

199 853 368 922 Plutarchi
397 852 640 936 receptaculum
650 851 682 938 ¹),
717 852 773 918 ubi
807 869 940 934 prorsus
975 850 1154 936 negligitur
1177 849 1366 918 Aristotelis

199 959 369 1046 iudicium,
412 959 497 1041 quod
521 959 716 1026 Plutarchus
744 959 857 1042 magni
885 957 1059 1025 aestimare
1094 957 1222 1043 soleti).
1270 957 1365 1024 Unde

200 1085 395 1150 quamquam
434 1084 546 1134 rursus
590 1065 758 1148 colligitur
795 1065 1007 1132 Plutarchum
1049 1065 1083 1131 in
1125 1064 1251 1132 Solonis
1294 1066 1365 1133 vita

199 1173 437 1242 conscribenda
460 1171 651 1240 Aristotelis
678 1171 788 1239 libello
813 1191 878 1238 nou
902 1190 975 1238 esse
1003 1190 1111 1254 usum,
1146 1179 1257 1238 temen
1280 1171 1365 1254 quod

199 1281 325 1348 Kailios
341 1283 526 1365 suspicatus
541 1287 593 1347 est
607 1279 662 1346 hio
677 1299 805 1362 quoque
822 1285 857 1346 et
871 1279 1085 1347 Aristotelem
1101 1285 1136 1346 et
1151 1278 1365 1346 Plutarchum

199 1395 301 1455 totam
325 1389 374 1456 rei
397 1387 545 1455 notitiam
570 1405 610 1453 ax
641 1388 754 1454 eadem
790 1388 966 1470 sumpsisse
991 1385 1137 1470 Atthide,
1173 1385 1267 1452 nobis
1301 1403 1365 1452 non

199 1497 371 1579 probatur,
411 1494 489 1576 quia
526 1493 663 1561 alterius
696 1493 844 1560 narratio
878 1494 921 1559 ab
959 1493 1063 1559 altero
1097 1493 1196 1560 valde
1230 1491 1363 1560 recedit.

199 1603 397 1670 Aristoteles
431 1599 537 1668 refert
571 1602 612 1668 de
647 1619 683 1668 re
720 1601 802 1668 duas
826 1605 959 1668 exstare
994 1601 1174 1667 sententias
1208 1599 1295 1666 inter
1329 1618 1365 1666 se

200 1709 359 1790 diversas,
384 1727 519 1790 quarum
534 1715 685 1776 auctores
702 1707 889 1774 accuratius
913 1707 1084 1791 designat:
1109 1713 1137 1769 oi
1159 1709 1308 1786 δημοτικοί
1320 1743 1363 1755 .-

199 1822 227 1878 οΙ
248 1813 415 1897 βουλόμενοι
436 1817 636 1896 &apphaim
658 1815 857 1882 Plutarchus
873 1821 975 1881 tutum
995 1831 1065 1880 rem
1082 1813 1236 1880 contiuua
1251 1831 1364 1879 uurru·

199 1925 287 1990 tlone
321 1924 573 1990 contaminatam
612 1923 749 2004 praebet
784 1933 817 1988 et
849 1922 883 1987 in
918 1920 1021 2004 ipsius
1056 1919 1184 1990 Solonis
1219 1925 1364 1987 aetatem
1459 1934 1462 1940 ’

200 2029 376 2099 transfert:
415 2035 531 2096 namot
565 2031 652 2096 euim
686 2029 734 2096 ita
768 2037 804 2096 ut
838 2029 1014 2097 concludas
1048 2028 1204 2110 aequales
1236 2026 1364 2095 Solonis

200 2137 406 2222 opprobrium
429 2135 510 2203 illud
533 2136 708 2220 protuHssc
743 2145 777 2203 et
806 2137 901 2218 paulo
926 2141 1000 2219 post
1029 2135 1117 2202 illius
1139 2134 1363 2218 integritatem

200 2263 270 2311 esse
294 2243 506 2328 patefactam.
553 2241 724 2328 Cognitum
749 2251 801 2310 cst
823 2241 1032 2326 opprobrium
1048 2241 1153 2324 ipsum
1169 2246 1276 2307 ortum
1292 2258 1365 2306 asse

199 2369 410 2435 opaucorum
426 2349 571 2416 factione
594 2351 722 2418 saecuuo
740 2350 853 2432 quinto
877 2357 1028 2431 exeunte,
1053 2361 1087 2415 at
1101 2347 1363 2432 Duemmlerus³)

201 2477 264 2526 non
299 2457 370 2525 sine
402 2458 556 2526 veritatis
590 2456 697 2539 specie
733 2457 867 2524 Critiaur
904 2455 1006 2522 luisse
1040 2463 1208 2522 auctorem
1236 2454 1363 2536 statuit,

200 2565 304 2634 virum
340 2565 431 2632 etin
458 2565 508 2631 rei
542 2565 690 2648 publicae
724 2575 758 2630 et
792 2565 826 2631 in
858 2563 1043 2632 litterarum
1079 2561 1250 2646 disciplina
1284 2562 1364 2629 satis

199 2672 371 2742 cruditam.
418 2673 516 2740 Cuius
540 2673 581 2737 da
604 2670 772 2753 republica
787 2671 1036 2738 Atheniensium
1060 2671 1363 2738 commentationem

199 2781 409 2846 Aristotelem
434 2787 511 2847 ante
533 2779 642 2846 oculos
665 2777 818 2846 habuisse
843 2799 901 2861 pro
918 2787 1006 2844 cento
1030 2778 1203 2856 hahemus;
1226 2795 1302 2843 uam
1317 2775 1366 2843 ita

199 2889 283 2954 boue
312 2886 540 2971 iuteuiguutur
566 2885 766 2954 elocutiones
791 2888 1009 2972 ιπειρῶνταί
1039 2908 1114 2957 τινες
1135 2881 1307 2966 διαβιιᾞειί
1332 2889 1366 2949 ei

198 2989 426 3074 ’βουλόμενοι
448 2993 638 3074 βλασφημεῖν
663 3001 698 3058 et
720 2992 821 3059 totius
844 2992 907 3059 loci
922 2993 1136 3060 conformatio
1153 2989 1364 3074 perspicitur:

200 3097 364 3183 proiectus
388 3104 439 3164 est
462 3099 669 3183 philosophus
692 3119 713 3164 a
737 3097 861 3165 Critiae
884 3098 1044 3184 libello⁴);
1081 3100 1168 3180 quod
1191 3101 1220 3165 si
1243 3115 1307 3165 nou
1330 3097 1364 3164 in

199 3207 350 3274 manibus
373 3205 551 3284 habuisset,
576 3206 717 3274 lortesse
740 3213 841 3272 totam
878 3225 945 3272 rem
981 3225 1022 3272 ne
1047 3205 1366 3274 commemoravisset

199 3315 341 3398 quidam.
388 3313 437 3380 De
462 3312 564 3380 Critia
586 3313 688 3398 igitur
710 3313 928 3382 consentimus
952 3331 1024 3379 cum
1048 3313 1276 3394 Duemmlero;
1306 3313 1366 3379 sed

199 3422 285 3504 quod
308 3419 394 3487 idem
410 3419 464 3488 vir
486 3420 601 3488 doctus
624 3423 666 3488 <lo
687 3419 910 3506 scriptoribus,
935 3419 989 3502 qui
1015 3427 1051 3504 ,οι
1072 3423 1229 3500 opportuni
1255 3420 1365 3504 appel-

198 3531 319 3610 lentur,
351 3527 537 3596 enuuouviu
572 3545 636 3595 uon
660 3531 774 3596 eadem
798 3527 862 3594 lide
897 3527 959 3595 niti
993 3527 1087 3595 nobis
1110 3527 1252 3594 videtur.
1296 3527 1365 3594 Nos

197 3635 307 3720 potius
329 3641 366 3700 ut
388 3635 523 3720 supral)
547 3635 580 3704 iu
615 3635 678 3704 hao
701 3635 886 3706 elocutione
909 3635 1013 3702 latere
1037 3633 1190 3702 Atthides
1214 3633 1363 3718 vidimus,

288 3869 307 3938 ¹)
326 3867 396 3924 rtur
415 3867 469 3924 Sol.
488 3883 510 3922 c.
526 3869 566 3924 lh.

286 3955 395 4026 butor.
413 3955 466 4014 θοι
485 3955 536 4016 32ι
568 3955 764 4028 ἀναγέγραπται
790 3951 814 4010 δ’
837 3953 888 4010 ὑπό
906 3975 932 4010 τε
951 3951 1038 4010 ἄλλον
1056 3951 1159 4026 ἀνδροῖν
1177 3953 1366 4024 ἀξιολόγων

197 4051 242 4098 nal
258 4043 443 4116 Ἀριστοτέλους
461 4043 506 4098 τοῦ
524 4041 675 4114 φιλοσόφον.
712 4045 771 4100 Nic.
790 4047 821 4103 2:
854 4044 951 4098 ἔνεστιν
974 4038 1020 4098 οἶν
1041 4049 1100 4116 περὶ
1119 4045 1214 4098 Νικίου
1232 4043 1366 4114 πρῶτον

197 4128 278 4186 absin
295 4129 310 4186 ὃ
327 4135 457 4206 γέγραφεν
474 4131 656 4206 Ἀρνηοτδὶηι.

287 4221 481 4288 'tDuemmler
497 4223 525 4276 iu
544 4221 634 4278 Herm.
655 4222 706 4282 vol.
725 4223 759 4280 2⁵1
778 4237 803 4292 p.
822 4223 875 4280 260
892 4239 942 4294 sqq

286 4311 307 4380 ⁴)
326 4325 350 4380 p.
369 4311 394 4376 h,
413 4311 446 4368 17
466 4309 499 4364 Κ.
518 4309 575 4366 W.:
594 4307 622 4362 ἓν
640 4305 920 4380 altercantium
938 4307 1090 4380 διαβόλὶιιν
1108 4309 1194 4368 αὐτόν.

287 4399 307 4468 ¹)
326 4415 407 4470 supra
424 4415 448 4468 p.
471 4401 515 4456 hl.
