3144 4826
773 344 813 413 11

688 439 898 450 ——-.-

211 543 304 631 gitur
325 541 477 632 inprimis
506 563 547 609 ex
563 543 683 633 Areop.
709 543 729 630 ἓ
752 541 804 613 25.
821 542 873 612 32.
890 541 942 610 33.
960 542 1003 610 35
1025 544 1060 609 in
1076 544 1213 612 Atthide
1232 544 1374 611 traditas

208 671 283 718 esse
305 672 360 718 res
382 649 460 716 illas
483 648 527 716 ad
548 650 720 738 imperium
741 652 866 720 iustum
889 655 923 718 et
945 633 1149 718 mederatnm
1171 652 1374 741 pertinentes

210 779 292 848 quas
308 757 507 824 Aristoteles
531 781 660 847 queque
682 759 716 824 in
742 781 814 848 cap.
831 759 914 826 XVI
938 759 1122 847 proposuit.
1170 762 1220 826 Aa
1234 758 1375 846 primum

209 863 340 948 quidem
373 863 509 953 repetiit
540 864 752 951 indicium,¹),
794 865 829 932 in
864 886 928 946 qno
963 888 1028 932 non
1061 865 1170 931 minus
1204 863 1374 930 Herodoto

208 969 250 1058 (l,
262 969 318 1058 59)
334 993 433 1060 quam
448 970 636 1059 Thucydidi
654 971 725 1057 (VI,
740 971 795 1060 54)
812 972 1004 1040 assentitur.
1040 971 1167 1039 Deinde
1183 971 1374 1058 singulatim

211 1077 251 1145 de
273 1077 434 1165 regnandi
456 1081 585 1147 ratione
608 1080 772 1169 exposuit.
821 1081 895 1164 Qua
924 1082 959 1146 in
989 1104 1024 1147 re
1053 1081 1102 1147 ita
1124 1084 1279 1146 versatus
1302 1101 1375 1144 esse

211 1184 351 1264 videtur,
386 1189 426 1250 ut
459 1209 499 1252 ex
534 1187 674 1273 singulis
708 1189 808 1254 rebus
843 1193 877 1255 et
911 1187 1177 1266 narratiunculis,
1219 1209 1302 1274 quas
1339 1185 1374 1250 in

209 1289 405 1358 Attbidibus
429 1293 459 1359 ei
481 1297 615 1381 praesto
637 1293 740 1360 fuisse
756 1293 938 1378 vidimus2),
964 1294 1163 1380 cogitatione
1184 1293 1375 1358 universum

210 1403 333 1466 statum
361 1399 544 1482 concipiens
573 1400 779 1467 luculentam
807 1401 982 1489 imaginem
1012 1405 1230 1489 componeret.
1278 1397 1375 1479 Quod

208 1509 247 1572 nt
268 1505 418 1594 exemplo
441 1508 627 1594 probemuS,
650 1507 863 1595 inspiciamus
886 1510 969 1575 haec
991 1510 1111 1575 verb'a:

297 1617 345 1674 nal
369 1610 460 1684 attic
493 1611 565 1692 ἐξῄει
600 1613 737 1686 πολλάκις
760 1619 800 1686 εἰς
822 1614 872 1694 τὴν
901 1615 997 1697 χώραν
1032 1620 1197 1676 ἐπισκοπῶν
1220 1665 1227 1678 ,
1252 1667 1258 1678 ,
1284 1662 1290 1676 .
1315 1635 1371 1672 τοι·

209 1717 295 1800 alep
323 1717 377 1800 γάρ
404 1743 480 1791 τινος
512 1719 609 1794 ἐξόδου
630 1731 671 1798 τῷ
689 1721 895 1804 Πεισιστράτῳ
921 1727 1088 1807 Ιγιγνομένης
1121 1724 1267 1802 συμβῆναί
1298 1740 1374 1796 φασι

209 1827 300 1912 aeli).
346 1825 496 1894 Conieias
523 1828 601 1914 quia
633 1827 831 1895 tradebatur
859 1829 1038 1896 Pisistrato
1061 1829 1096 1894 in
1118 1849 1219 1914 agros
1242 1825 1374 1891 descen-

209 1931 300 2000 denti
320 1933 382 2000 hoo
406 1936 440 2000 et
461 1932 524 2000 hoe
547 1933 710 2020 evenisse,
747 1934 971 2002 concludendo
1006 1933 1151 2000 effecisse
1182 1930 1374 2018 Stagiritem

209 2043 388 2127 tyrannum
410 2039 543 2127 saepius
565 2041 823 2128 recognoscendi
845 2063 947 2108 causa
970 2063 1042 2108 esse
1066 2061 1244 2126 egressum.

294 2145 361 2214 Sed
382 2146 443 2212 illa
466 2145 506 2212 de
529 2169 593 2236 qua
616 2147 729 2234 agitur
751 2149 1003 2214 narratiuncula
1025 2147 1125 2233 digna
1148 2150 1200 2212 eat
1223 2167 1307 2234 quac
1331 2145 1374 2210 ad

206 2253 319 2320 vivum
352 2257 530 2320 resecetur.
576 2254 725 2322 Eandem
761 2255 846 2321 enim
880 2255 970 2344 apud
1002 2255 1181 2320 Damonem
1215 2249 1373 2318 traditam

206 2359 308 2428 fuisse
329 2360 364 2426 in
386 2360 482 2440 libre,
507 2361 560 2428 eui
575 2365 639 2444 περὶ
656 2373 818 2442 παροιμιῶν
832 2359 1034 2444 inscribitur,
1058 2359 1185 2448 primus
1201 2357 1373 2442 Grusius⁴)

206 2467 444 2535 animadvertit
466 2468 589 2536 atinde
605 2471 720 2536 statim
744 2470 907 2537 conclusit
919 2467 1134 2536 Aristotelem
1149 2463 1373 2532 narrationem

208 2597 248 2642 ex
275 2575 617 2664 Atthidograpborum
644 2573 825 2643 traditione
853 2575 1028 2664 recepisse.
1074 2573 1122 2638 Et
1152 2592 1220 2640 rem
1254 2591 1290 2634 se
1324 2570 1373 2636 ita

205 2682 327 2750 babere
351 2682 568 2764 concedimus,
592 2703 791 2772 quamquam
815 2705 854 2749 ex
879 2682 949 2749 solo
974 2683 1135 2749 concentu
1151 2677 1233 2746 nihil
1248 2676 1373 2742 lucrari

204 2811 301 2876 posse
317 2789 476 2872 videmur,
501 2790 578 2879 quia
593 2790 773 2858 Damonem
790 2790 837 2855 eis
854 2789 911 2878 qui
925 2789 958 2854 in
976 2785 1175 2854 Atthidibus
1191 2783 1373 2852 scribendis

202 2901 457 2984 praecesserunt
480 2897 577 2962 etiam
601 2898 636 2963 in
660 2895 769 2964 alieno
793 2919 892 2985 opere
916 2896 1025 2962 omnia
1048 2893 1166 2960 debere
1186 2914 1279 2958 nemo
1298 2913 1372 2956 con-

202 3001 326 3070 tendet.
373 3002 439 3070 Sed
461 3004 650 3071 accuratius
674 3004 779 3070 verba
802 3002 1039 3070 examinemus:

314 3145 380 3210 Ἀθ.
405 3147 469 3209 nol.
494 3170 525 3234 p.
548 3143 643 3226 1633
814 3145 929 3212 Demo.
966 3144 1004 3211 cf.
1035 3143 1182 3220 Crusius,
1218 3138 1370 3206 Analect.

881 3251 931 3318 ad
956 3271 1096 3339 paroem.
1120 3273 1150 3338 p.
1174 3245 1237 3314 132
1256 3268 1303 3333 sq.

201 3356 333 3433 σσιαῦιος
377 3357 431 3440 γάρ
467 3383 541 3432 τινος
586 3360 685 3436 ἐξόδου
722 3371 763 3438 τῷ
815 3363 1034 3438 Πεισίστρατος,
1069 3353 1108 3426 ὥς
1143 3379 1241 3435 φασιν,
1276 3357 1292 3414 ὁ
1327 3352 1373 3412 mi·

202 3464 404 3546 Πιισισσρόσῳ
431 3471 591 3548 yemalem·
617 3471 763 3552 συμβῆναί
813 3489 917 3550 parvos
939 3463 1058 3543 δεκάτην
1080 3473 1135 3526 τῶν
1157 3465 1373 3544 γεωργουμέιωι

201 3593 275 3651 φασι
298 3569 336 3634 rii
358 3575 423 3654 περὶ
446 3569 495 3636 rie
517 3578 547 3636 ἐι
575 3587 614 3654 τῷ
630 3581 762 3656 Ὑμησσῷ
814 3575 914 3654 ἀπῄτει
941 3573 1003 3643 οὺς
1020 3573 1200 3648 stupratore.

200 3689 378 3760 γεωργοῦντα
415 3679 449 3741 ιὰ
487 3683 593 3760 κληθὲν
638 3682 759 3762 imagine
1041 3676 1153 3756 ιιιιριιὸι
1175 3682 1208 3740 δέ
1230 3697 1299 3736 ποτε
1323 3679 1371 3736 καὶ

216 3825 412 3834 —--—-—-.—

294 3893 313 3960 ¹)
332 3911 357 3964 p.
378 3894 466 3964 16,819
484 3895 518 3950 K.
537 3897 582 3950 W.

292 3983 486 4052 ¹>itinerantem
514 3984 593 4054 igitur
620 3983 741 4040 exstabat
766 3986 932 4042 Pisistratum
961 3982 1079 4056 agricolis
1099 3986 1236 4056 pecuniam
1258 3983 1371 4046 dedisse.

202 4071 341 4126 decumam
365 4073 531 4142 imposuisse,
560 4089 635 4128 reum
660 4073 757 4128 lactum
783 4076 870 4147 ipsum
889 4079 922 4132 ad
943 4080 1109 4146 Areopagum
1130 4076 1234 4132 ramese
1260 4073 1371 4144 petitore

201 4159 339 4216 deficiente
357 4161 437 4230 (quod
457 4177 548 4216 rursus
567 4163 635 4232 apud
651 4161 784 4220 Plutarch.
816 4164 868 4222 Sol.
883 4167 915 4222 31
932 4163 1062 4234 occurrit),
1081 4167 1193 4222 aetatem
1213 4163 1270 4218 eins
1290 4160 1371 4219 tuisse

202 4261 309 4304 aureum
328 4245 405 4320 (tini
424 4251 527 4322 Κρόνου
545 4251 610 4322 βίοι)
629 4249 730 4306 similia.

291 4337 312 4406 Ι)
330 4353 356 4408 p.
377 4337 456 4410 16,ae
472 4339 505 4398 1.
525 4339 568 4394 W.

290 4427 312 4496 ι)
330 4425 439 4484 einaim
457 4429 483 4484 in
502 4427 596 4486 Philet.
615 4431 650 4490 ab
668 4444 739 4502 (nov.
757 4447 809 4494 ser.
829 4435 878 4504 lv)
900 4455 925 4510 p.
949 4437 996 4494 177
