3144 4826
711 265 752 336 31

151 487 190 536 ea
220 485 349 550 quoque
373 466 584 535 Aristotelem
618 466 737 553 legisse
772 473 806 534 et
841 465 973 534 consilio
1007 464 1219 549 praeteriisse
1255 483 1317 531 non

151 594 306 659 negemus
316 575 350 662 ¹).

238 682 394 749 Eiusdem
411 681 640 749 Themistoclis
657 681 785 749 facinus
809 681 924 764 simile,
949 683 1034 763 quod
1051 683 1094 748 ad
1110 683 1319 765 Areopagum

152 795 292 873 spectat,
317 790 414 872 paulo
437 788 557 876 intrat)
580 794 745 856 narratur.
791 791 836 856 Et
859 789 898 856 de
921 789 1016 856 huius
1034 788 1163 870 quidem
1179 791 1319 856 narrati-

155 896 225 964 onis
249 895 341 964 fonte
364 896 428 965 viri
452 896 541 964 docti
574 896 608 964 in
643 898 791 966 diversas
825 897 949 962 abeunt
982 907 1103 978 partes.
1149 897 1232 964 Sunt
1266 898 1319 976 qui

151 1009 267 1088 putent
289 1003 501 1071 Aristotelem
526 1023 566 1070 ex
589 1004 714 1071 famoso
739 1003 946 1071 Stesimbroti
979 1003 1089 1070 libello
1123 1003 1318 1088 hausisse³);

150 1115 259 1196 potest
282 1111 381 1178 etiam
404 1111 544 1194 cogitari
567 1112 609 1178 de
632 1110 742 1182 (initia.
767 1111 887 1194 quippe
912 1110 966 1192 qni
996 1119 1129 1192 praeter
1153 1112 1317 1178 Cimonem

151 1225 184 1286 et
207 1219 360 1286 Cleonem
385 1217 484 1286 etiam
508 1218 718 1285 Themistocli
741 1216 870 1285 sabellis
894 1217 1177 1305 obtrectaverit).

239 1325 304 1394 Sed
327 1345 386 1392 nos
421 1346 441 1392 a
475 1326 569 1393 nobis
603 1325 782 1408 impetrare
818 1343 883 1392 non
916 1341 1012 1407 posse
1047 1323 1191 1392 fatemur
1214 1343 1319 1407 neque

151 1435 326 1515 quicquam
361 1439 414 1500 est
448 1433 535 1514 quod
570 1451 628 1498 nos
652 1438 758 1514 cogat.
786 1448 822 1502 nt
846 1433 1018 1498 credamus
1050 1431 1244 1516 Stagiritem
1280 1450 1320 1497 ex

153 1540 289 1624 impuris
322 1540 374 1607 his
409 1538 556 1606 sontibus
590 1545 772 1606 mutuatum
809 1539 926 1626 esse5).
973 1539 1074 1606 Immo
1109 1545 1143 1606 et
1165 1540 1255 1606 illam
1280 1541 1320 1604 de

151 1649 254 1714 classe
271 1647 480 1714 aedificanda
495 1653 529 1714 ct
544 1648 630 1714 hanc
647 1649 688 1713 de
704 1649 877 1730 Areopago
894 1645 1114 1713 narrationem
1131 1664 1320 1730 persuasum

151 1753 307 1820 habemns
330 1753 464 1821 fluxisse
487 1773 528 1822 ex
551 1753 697 1838 Atthide,
722 1752 864 1820 fortasse
889 1753 1071 1835 Clitodemi,
1101 1773 1196 1835 quem
1222 1751 1321 1820 etiam

150 1861 238 1928 alind
254 1859 485 1928 Themistoclis
503 1860 704 1948 ¹‹repozvp'yppo’
721 1860 909 1928 narravisse
926 1861 1120 1928 Plutarchus
1136 1859 1326 1945 testatore).

238 1967 304 2035 Sed
327 1968 392 2034 iam
416 1968 545 2053 delapsi
561 1988 669 2035 snmus
693 1967 726 2034 in
743 1973 898 2047 aetatem,
923 1987 1018 2048 qnam
1035 1967 1329 2035 Pentecontadtiao

152 2075 280 2144 nomine
303 2075 475 2158 complecti
498 2077 648 2144 solemus.
695 2076 802 2156 Atque
837 2076 890 2142 hic
913 2075 1109 2142 Aristoteles
1137 2074 1328 2144 taciturnus

152 2191 185 2250 et
208 2183 379 2250 continens
404 2182 507 2250 inisse
530 2184 637 2267 magis
660 2202 754 2264 quem
777 2184 875 2248 rebus
895 2181 1070 2250 conveniat
1093 2187 1194 2262 atque
1219 2184 1328 2250 minus

151 2292 361 2358 accomodate
396 2292 438 2356 de
473 2289 655 2375 praeclaris
689 2289 777 2356 illins
812 2289 931 2356 aetatis
955 2287 1216 2357 Atheniensibus
1243 2289 1328 2358 iudi-

154 2397 283 2466 cavisse
318 2396 428 2464 multis
464 2398 571 2464 doctis
593 2398 684 2465 visus
719 2403 777 2464 est.
824 2398 863 2463 ln
898 2395 1010 2480 primis
1045 2397 1129 2478 qnod
1161 2396 1328 2465 Periclem

152 2507 286 2586 eiusque
318 2509 457 2572 aetatem
491 2504 696 2588 splendidam
732 2513 766 2571 et
804 2504 978 2588 gloriosam
1017 2523 1082 2570 non
1116 2502 1222 2570 solum
1261 2523 1328 2572 non

151 2613 282 2679 summis
298 2612 449 2679 laudibus
466 2611 650 2680 celebravit
666 2614 725 2678 sed
746 2612 876 2678 silentio
902 2609 970 2676 fere
988 2611 1167 2693 praeteriit,
1194 2619 1330 2695 praeter

151 2721 233 2805 alios
256 2720 449 2788 novissimus
474 2738 602 2802 qnoque
625 2718 760 2807 iudexll
784 2718 910 2784 monuit
932 2717 995 2784 ita:
1035 2719 1223 2788 Aristoteles
1245 2723 1330 2788 oird

150 2810 308 2914 pe'raeeao
343 2829 513 2910 unpereelvt
545 2832 581 2893 ιἰι
617 2828 674 2892 der
696 2827 909 2911 Dorstellonp
941 2829 1043 2892 dieser
1067 2827 1146 2892 Zeit.
1198 2828 1249 2894 Er
1272 2831 1330 2896 hut

151 2936 222 3001 lein
254 2935 343 3000 Wort
366 2937 423 3017 fiir
458 2938 511 3002 die
545 2940 675 3001 dicessere
705 2933 996 3017 llloelrlentfoltunp
1019 2934 1072 2998 des
1097 2934 1237 3014 Siculos,
1273 2941 1332 3018 fiir

153 3044 203 3108 die
228 3042 326 3107 Bltite
347 3062 408 3106 con
432 3043 571 3122 Hordei,
599 3043 719 3121 Konst,
754 3040 1000 3122 Wisseusclvcft3
1040 3041 1100 3106 dos
1122 3042 1273 3124 scaweipt
1298 3063 1332 3108 er

152 3151 343 3160 ...—.——
347 3151 364 3156 .-

244 3185 262 3252 ¹)
282 3183 365 3236 Etiam
386 3183 528 3237 concinunt
546 3185 659 3252 quodam
678 3184 754 3236 modo
774 3182 923 3235 Aristotelis
942 3181 1033 3238 verba:
1056 3181 1235 3248 Θεμιστοκλῆς
1254 3181 1333 3236 ἐναι-

151 3267 287 3341 πηςήὀατο
297 3269 408 3340 τριήρεις
423 3270 523 3334 ἑκατόν,
544 3271 585 3328 αἶς
598 3269 781 3340 ἕιάιριιὶχησαν
790 3289 850 3324 crunt
863 3271 1026 3339 Thucydide:
1042 3271 1219 3338 Θεμιστοκλῆς
1232 3269 1336 3324 ἔπεισιν

165 3403 194 3416 ..
215 3361 263 3416 τὰς
284 3361 346 3416 ναῦς
364 3357 537 3426 ποιήσασθαι,
558 3360 655 3430 αἷσπερ
673 3367 716 3412 καὶ
736 3358 926 3428 ἐναυμάχησαν.

243 3450 266 3516 ²)
287 3467 311 3519 p.
332 3451 374 3519 27,
393 3450 507 3518 27-28,
529 3451 561 3506 12
580 3451 613 3508 K.
632 3451 677 3506 W.

246 3539 402 3606 ³)Koehter
422 3543 623 3608 Sitaemsgshazd.
644 3545 703 3606 Kgl.
719 3551 816 3608 prauis.
836 3543 913 3594 Akad.
932 3544 957 3596 d.
984 3543 1019 3596 W.
1050 3539 1118 3592 1892
1145 3557 1171 3610 p.
1193 3541 1247 3596 339
1274 3559 1333 3611 sqq.

244 3629 266 3690 ‘t
286 3627 348 3682 Plut
367 3629 433 3684 Cim.
455 3630 502 3696 16;
522 3628 615 3684 Aeliam
635 3646 689 3685 var.
708 3630 770 3688 hist.
792 3631 832 3696 10,
854 3631 894 3684 17.

244 3718 1191 3791 bfflmmmmmMmmmmfflmffipffiMw

242 3809 263 3871 ¹¹)
282 3807 399 3862 Themist
417 3825 438 3862 e.
460 3809 506 3864 10:
537 3803 683 3874 Κλείδημος
702 3805 729 3862 δὲ
748 3812 791 3860 nol
810 3808 886 3860 ιοῖσο
907 3804 1107 3874 θεμιστοιιλέονι
1119 3809 1238 3864 ποιεῖται
1261 3829 1341 3878 στρο-

153 3897 264 3964 τήγημα·
284 3891 496 3966 καταβαινόντων
513 3897 564 3966 γὰρ
582 3891 618 3954 εἰς
637 3898 751 3968 Πειραιᾶ
776 3897 827 3948 cdv
844 3895 1000 3962 Ἀθηναίων,
1025 3901 1105 3964 φησιν
1130 3895 1293 3954 ἀπολέσθαι
1315 3897 1343 3948 vir

153 3987 309 4056 Γοργόνειον
327 3984 378 4038 ἀπὸ
396 3987 442 4054 τῆς
459 3987 525 4038 drot
545 3987 588 4038 τοῦ
606 3984 766 4056 ᾰγάλματσν·
786 3985 831 4038 τὸν
850 3980 894 4038 οἶν
914 3984 1087 4054 Θεμιστοκλέα
1105 3991 1345 4060 προοποιοῦμενσν

155 4075 238 4140 ζητεῖν
257 4079 298 4126 nal
317 4071 516 4146 διερευνώμενον
535 4069 640 4128 ἅπαντα
658 4077 798 4146 χρημάτων
823 4073 981 4146 ἀνευρίσκειν
1009 4073 1114 4142 πλῆθος
1140 4076 1170 4132 ἐν
1191 4079 1254 4136 ταῖς
1274 4077 1346 4130 ἀπο-

153 4165 255 4220 σκευαῖς
273 4163 506 4234 ἇποιιικριχιιμένον,
520 4160 557 4216 ὧν
575 4159 610 4220 εἷς
627 4165 707 4234 μέσον
721 4165 903 4236 κομισθέντων
920 4162 1060 4236 ιιὲτσρῇσαι
1080 4164 1139 4224 rods
1160 4165 1351 4236 ἐμβαίνοντας

152 4253 188 4310 ais
208 4253 252 4310 eds
271 4253 332 4310 vais
350 4251 470 4324 ἐφοδίων.

245 4341 263 4414 ²)
283 4341 341 4398 Keil
361 4343 378 4400 l.
397 4345 415 4402 1.
434 4361 458 4416 p.
479 4345 539 4414 227,
