3144 4826
771 343 792 408 9

307 541 375 606 Ἀθ.
399 540 464 606 πολ.
488 561 519 626 ρ.
547 535 641 618 15,11
987 538 1065 605 Hdt.
1090 540 1117 620 I,
1142 541 1183 605 61
1219 571 1221 576 ·

198 650 262 728 περὶ
285 642 437 728 Πάγγαιον
459 643 574 726 τάπονς,
599 641 670 708 ὅθεν
692 669 755 728 χρη

197 751 391 832 ματισάμετος
417 755 465 814 καλ
493 751 671 832 στρατιάτας
692 775 755 830 μισ-

198 856 372 936 θωσάμενος
409 856 503 922 stads
534 864 575 930 είς
610 861 756 941 Ἐρέτριαν
810 859 982 938 ἀπικόμενος
1008 862 1038 922 δὲ
1062 867 1091 934 ίς
1114 865 1260 942 Ἐρέτριαν
1289 865 1365 942 ἐβοσ-

198 963 338 1044 ἱνδενιάτῳ
368 963 455 1028 πάλιν
477 964 531 1028 ἔτει
554 965 619 1030 τότε
641 976 756 1048 πρῶτον
808 963 906 1030 λεάετο
936 963 997 1045 ἅμα
1020 980 1080 1040 τοϊς
1108 973 1217 1032 παισίν.
1260 973 1366 1030 Ἱππία

383 1071 611 1152 ἀνακτήσασθαι
633 1075 683 1154 δίη
706 1071 756 1152 τὴν
808 1076 839 1136 δὲ
867 1070 962 1156 γνάμη
984 1071 1149 1154 νικήσαντος
1178 1077 1366 1140 ἀνακτᾶσθαι

198 1179 287 1261 α’ρηίητ
309 1183 446 1263 ἐπεχείρει
809 1183 904 1246 ὀπίσω
942 1178 993 1260 τὴν
1029 1187 1196 1266 τυραννίδα,
1236 1189 1367 1244 ἐνθαῦτα

348 1293 653 1368 συμπροθυμουμένων
675 1290 758 1366 αὐτῷ
810 1287 919 1372 ἤγειρον
941 1291 1061 1360 δωτίνας
1083 1295 1114 1350 ἐκ
1129 1301 1183 1353 τῶν
1197 1292 1320 1352 πολίων.
1336 1340 1342 1354 .
1360 1342 1367 1354 .

198 1395 308 1458 πολλῶν
334 1396 386 1472 μὲν
413 1397 462 1456 καὶ
493 1389 595 1471 ἄλλων,
626 1392 754 1472 μάλιστα
808 1399 919 1458 πολλῶν
952 1397 982 1457 δὲ
1014 1395 1126 1478 μεγάλα
1161 1396 1368 1478 παρασχόντων

198 1501 229 1564 n
258 1502 415 1582 Θηβαίαν,
807 1500 955 1587 χρήματα,
997 1504 1117 1582 Θηβαῖοι
1159 1501 1367 1584 ὑπερεβάλοντο

807 1621 841 1689 τῇ
875 1607 940 1672 δόσι
975 1619 1028 1672 τῶν
1062 1610 1295 1692 χρημάτων...
1319 1612 1368 1669 καὶ

807 1715 919 1792 Νάξιός
942 1739 1011 1796 σφιν
1032 1716 1103 1799 άνὴρ
1127 1719 1282 1800 ἀπιγμένος
1305 1721 1369 1777 ἐθε-

199 1827 249 1890 xoi
271 1821 438 1904 Λυγδάμιος
459 1833 511 1886 τοῦ
533 1823 655 1897 Ναξίου,
807 1823 915 1905 λοντὴς,
946 1837 985 1904 τῷ
1011 1825 1120 1905 οὕνομα
1150 1823 1368 1908 ἦνΛάηδαμις,

808 1935 974 2012 προθυμίην
1019 1936 1154 2013 πλείστην
1200 1935 1368 2014 παρείχετο,

452 2035 492 2100 ἔτι
515 2043 548 2100 δέ
568 2048 623 2100 τῶν
646 2043 755 2098 ίππίσνν
809 2043 931 2119 κομίσας
954 2044 1003 2100 καὶ
1027 2039 1162 2122 χρήματα
1186 2045 1234 2102 καὶ
1251 2037 1368 2116 ἄνδρας.

198 2155 255 2206 τῶν
270 2141 389 2226 ε’χόντονν
412 2150 441 2206 ἐν
464 2147 593 2226 Ἐρετρίᾳ
614 2143 663 2223 τὴν
678 2145 755 2205 πολι-

198 2255 284 2314 τείαν.
330 2249 448 2330 νικῆσαι
470 2253 501 2314 δὲ
523 2250 575 2330 τὴν
602 2254 648 2312 ἐπὶ
675 2252 754 2312 Παλ-
810 2253 849 2320 δε
878 2253 941 2319 hao
970 2277 1083 2341 pugna
1106 2255 1133 2332 Ι,
1167 2253 1243 2322 62ί3
1266 2254 1369 2319 latins

199 2361 286 2437 ληνίδι
316 2355 409 2440 μάχην
435 2362 484 2420 καὶ
512 2356 605 2440 infida
631 2357 681 2439 τὴν
704 2361 751 2440 άρ-
1002 2361 1181 2447 exponitur

198 2463 248 2548 γὴν
277 2469 325 2527 καὶ
359 2465 555 2546 παρελόμενος
583 2476 634 2527 τοῦ
666 2464 756 2544 δὴμσν
809 2467 882 2532 otro
912 2466 947 2546 δη
975 2472 1190 2545 Πεισίστρατος
1216 2467 1249 2530 τὸ
1273 2474 1369 2546 τρίτον

198 2573 236 2635 τά
258 2571 335 2635 ὅπλα
358 2585 486 2655 κατεῖχεν
510 2569 562 2653 ἢδη
583 2571 634 2650 τὴν
655 2597 755 2653 τνρσν-
809 2575 881 2658 σχὼν
898 2571 1027 2653 Ἀθάνας
1049 2575 1190 2654 ἐρρίζωσε
1207 2574 1255 2653 τὴν
1269 2598 1370 2656 τνραν-

199 2683 262 2742 νίδει
283 2683 417 2761 βεβαίως.
809 2687 873 2744 νίδα

199 2791 248 2849 καὶ
270 2784 325 2868 γάρ
350 2787 448 2861 Νάζοι·
471 2786 539 2849 adn
566 2785 690 2870 ἄρχοντα
811 2793 860 2848 καὶ
897 2788 952 2868 γὰρ
991 2787 1094 2866 ταύτην
1133 2788 1216 2874 (soil.
1258 2790 1369 2872 Νάξον)

199 2899 356 2973 κατέστησε
385 2894 543 2975 Λύγδαμιν.
811 2899 1033 2974 κατεστρίψατο
1071 2898 1188 2973 πολέμῳ
1223 2900 1271 2958 καὶ
1307 2901 1370 2958 ἐπί-

811 3021 902 3084 τρεψε
926 3000 1068 3082 Λνγδάμι,

288 3127 443 3216 Apparet
480 3127 514 3192 in
552 3128 650 3192 rebus
688 3126 994 3216 sententiarumque
1040 3151 1189 3194 connexu
1228 3129 1371 3196 alteram

201 3234 423 3301 narrationem
446 3232 490 3298 ad
513 3233 652 3299 alteram
686 3239 846 3319 spectare.
893 3233 1110 3302 Describendi
1144 3257 1250 3320 genus
1286 3259 1372 3304 oom-

201 3345 372 3430 parantem
396 3364 460 3406 non
483 3339 588 3426 fugiet
620 3339 838 3407 Aristotelem
872 3340 1057 3428 repudiatis
1093 3341 1243 3408 omnibns
1279 3365 1367 3432 qnae

201 3447 390 3516 Herodotus
415 3446 458 3512 ad
493 3445 673 3512 ornandam
708 3447 962 3536 descriptionem
997 3447 1126 3514 addidit
1159 3471 1229 3516 rem
1262 3450 1372 3532 ipsam

200 3577 296 3638 qnam
329 3553 523 3622 brevissime
557 3553 754 3620 reddidisse:
790 3554 829 3621 de
854 3555 1033 3624 Pisistrato
1058 3579 1131 3622 cnm
1155 3556 1234 3624 filiis
1270 3558 1375 3624 eollo-

200 3671 321 3752 quente
355 3663 492 3730 verbum
528 3659 664 3740 nullum,
701 3661 740 3728 de
764 3685 877 3751 pugna
912 3668 968 3742 ,ἐπὶ
994 3667 1162 3744 Παλληνίδι·
1199 3671 1373 3738 commissa

200 3770 320 3838 nudam
355 3775 495 3838 eventus
529 3768 725 3834 mentionem
760 3769 890 3838 invenis
947 3771 1060 3854 Atque
1088 3773 1120 3840 in
1144 3775 1205 3844 hoo
1240 3785 1369 3850 eontra·

198 3877 299 3946 hendi
322 3875 432 3944 studio
449 3899 487 3944 eo
503 3879 616 3942 noster
639 3875 809 3964 processit,
835 3885 875 3945 ut
890 3879 1075 3946 sententiae
1099 3883 1368 3971 perspicuitatem

199 3985 365 4054 brevitate
400 3981 529 4050 dicendi
562 3981 719 4048 laederet.
787 3983 874 4054 Nam
911 4007 976 4074 qua
1009 3987 1137 4054 ratione
1168 4013 1207 4056 ex
1240 3995 1367 4062 verbis:

200 4093 248 4156 διά
273 4089 304 4155 τὸ
325 4091 365 4170 μίγ
385 4089 546 4174 βούλεσθαι
570 4099 604 4168 τῇ
626 4099 677 4150 τοῦ
701 4092 887 4170 Μεγακλέους
923 4099 1046 4174 θυγατρὶ
1080 4101 1267 4178 συγγίνεσθαι
1295 4125 1368 4168 eon-

200 4199 343 4268 seotarie
376 4197 471 4264 fiant:
509 4199 652 4278 φοβηθεὶς
686 4197 856 4280 άμιηοτίρας
888 4199 941 4274 τάς
971 4199 1088 4274 στάσεις
1123 4205 1282 4286 ὑπεξῆλθεν
1314 4211 1368 4276 vix

201 4308 374 4398 qnisquam
408 4305 520 4372 statim
552 4303 725 4392 intelliget,
752 4303 814 4372 nisi
839 4305 896 4400 qni
921 4315 1019 4376 antea
1054 4309 1232 4400 pleniorem
1266 4315 1369 4384 Hero·

200 4413 270 4482 doti
309 4411 530 4480 narrationem
575 4409 702 4498 legerit.
771 4410 1024 4484 Animadvertis
1069 4417 1210 4488 fortasse
1259 4421 1368 4494 odium
