3144 4826
340 515 406 582 Αο.
429 518 492 581 τοι,
515 534 545 598 p.
571 516 599 598 1,
624 513 644 580 8
955 515 1043 582 Plut.
1068 518 1125 583 sol.
1150 535 1176 582 c.
1203 515 1253 582 13.

215 626 263 683 καί
286 619 321 684 ud
344 625 393 684 uui
423 620 568 684 ἐδοόλευον
599 627 627 683 oi
657 628 772 701 πένητος
820 618 912 692 Ἅπας
934 620 988 702 γὰρ
1013 626 1028 684 ό
1060 626 1148 702 δῆμος
1177 617 1209 702 ἦν
1239 623 1384 704 ὑπόχρεως

214 741 274 800 τοῖς
295 730 441 800 πλουσίοις
463 780 469 794 .
491 783 497 795 ,
520 779 527 795 .
549 733 597 790 καί
621 731 771 790 ἐκαλοῦντο
824 738 878 790 τῶν
901 730 1052 796 πλουσίοιν,
1093 727 1136 790 Ἣ
1155 727 1208 810 γὰρ
1233 727 1384 809 ἐγεώργουν

214 833 336 898 eandm
381 841 429 898 καὶ
479 833 645 918 ἐκτὴμοροι·
696 833 771 897 κατὰ
825 839 942 907 ἐκείνοις
958 835 1025 897 ἔκτα
1041 840 1258 918 τώνγειόμίνων
1272 838 1382 898 τελοῦν-

213 943 316 1022 ταότην
353 939 407 1024 γώρ
445 941 495 1024 τὴν
531 947 679 1023 μίσθωσιν
718 948 770 1024 είρ-
823 965 870 1013 τις
888 942 1046 1023 ἑκτημόριοι
1058 939 1335 1024 προσαγορευόμενοι
1353 989 1382 1008 ..

214 1048 394 1131 γώζοντοτών
405 1051 548 1112 πλουσίοιν
559 1049 625 1121 τοὺς
637 1050 767 1132 ἀγρούς..

689 1159 901 1170 —--—--—-···-·-

213 1197 261 1253 καὶ
293 1191 379 1272 εἰμὴ
409 1191 462 1263 τός
488 1192 647 1271 μισθώσεις
669 1193 768 1255 οὶποδι-
824 1191 841 1274 ἢ
877 1197 947 1275 χρία
992 1190 1186 1273 λαμβάνοντος
1229 1195 1275 1251 ἐπὶ
1320 1204 1382 1263 τοῖς

213 1305 297 1371 δοῖεν,
321 1297 455 1381 ἀγώγιμοι
488 1303 535 1359 καὶ
566 1298 647 1361 αὐτοὶ
671 1303 718 1360 καὶ
742 1306 770 1360 οἰ
824 1299 951 1378 σώμασιν
975 1298 1111 1380 ἀγώγιμοι

212 1409 314 1476 παῖδες
326 1409 449 1487 ἐγίνοντο
466 1459 472 1471 .
491 1404 608 1487 καὶγὰρ
625 1410 767 1484 δεδομένοι
1208 1417 1268 1475 τοῖς
1290 1409 1380 1466 δανεί-

211 1524 271 1583 τοῖς
293 1515 461 1574 δανείσασιν
484 1515 530 1573 ἐπὶ
557 1524 616 1582 τοῖς
639 1508 768 1590 σώμασιν
823 1513 917 1584 ζουσα·

212 1642 291 1696 ησαν,
822 1641 906 1698 ησαν.

301 1725 374 1790 Ηεο
398 1725 499 1806 igitur
524 1724 642 1792 civium
667 1723 871 1790 conditiones
900 1727 997 1791 etiam
1033 1723 1065 1789 in
1100 1723 1246 1808 Atthide,
1283 1743 1377 1805 quam

212 1835 348 1912 uterque
365 1836 493 1897 secutus
517 1836 575 1914 est,
600 1836 674 1912 post
690 1831 910 1899 narratIonem
934 1831 976 1896 ad
989 1829 1143 1913 Cylonem
1161 1831 1377 1913 pertinentem

212 1937 381 2020 expositae
414 1938 597 2004 exstabant.
644 1936 706 2004 Sed
731 1937 795 2004 iam
830 1944 966 2017 uterque
991 1939 1154 2020 propriam
1177 1937 1251 2005 iniit
1274 1938 1377 2007 viam:

211 2044 406 2110 Plutarchus
429 2044 540 2110 statim
566 2046 607 2111 de
630 2043 748 2111 Solone
772 2045 841 2126 ipso
866 2043 1030 2126 disseruit,
1057 2043 1256 2111 Aristoteles
1280 2051 1379 2111 antea

211 2169 304 2217 suurn
328 2171 457 2219 cursum
480 2159 596 2217 tenens
620 2150 725 2232 qualis
759 2151 807 2216 rei
842 2151 990 2234 publicae
1026 2151 1144 2217 suisset
1171 2157 1277 2218 status
1300 2159 1378 2219 ante

210 2259 391 2325 Draconem
408 2257 601 2341 explanavit
624 2258 666 2343 (c.
681 2257 753 2343 ΙΙΙ).
778 2261 886 2338 Atque
919 2257 972 2324 hic
1003 2275 1128 2338 quoque
1152 2257 1376 2340 philosophum

211 2365 421 2447 complurium
444 2383 544 2448 opera
569 2365 655 2431 inter
688 2383 724 2430 se
760 2364 1002 2447 comparavisse
1026 2384 1085 2432 nos
1109 2377 1238 2432 monent
1260 2367 1376 2432 verba:

211 2478 239 2534 οἱ
260 2473 311 2550 μὲν
335 2476 389 2554 γὰρ
424 2473 537 2543 πλείους
571 2474 617 2532 ἐπὶ
651 2474 805 2545 Μέδοντος,
842 2470 951 2532 ἔνιοι
986 2473 1012 2533 δ’
1048 2476 1094 2532 ἐπὶ
1124 2469 1267 2534 Ἀκάστου
1302 2475 1376 2551 φασὶ

210 2582 349 2660 γενέσθαι
373 2577 509 2662 ταύτην).
568 2577 782 2661 intelligendi
805 2588 881 2644 sunt
901 2578 1072 2646 Atthidum
1088 2578 1271 2660 scriptores,
1297 2597 1377 2659 quos

212 2687 341 2767 saepius
364 2685 451 2752 inter
474 2704 509 2751 se
534 2684 726 2752 dissensisse
750 2685 869 2752 Strabo
895 2687 1068 2769 testatur).

300 2811 352 2876 Ad
376 2810 449 2876 illos
472 2810 573 2894 igitur
608 2816 761 2894 spectant
783 2814 887 2880 verba
911 2811 1099 2892 sequentia:
1139 2823 1317 2890 σημεῖον
1349 2814 1374 2872 ε’

209 2923 459 3000 ἐπιφέρουσιν,
485 2914 526 2979 ότι
550 2924 578 2979 οί
600 2923 679 2980 ε’ννέα
696 2915 831 3000 ἄρχοντες
853 2919 988 2997 όμνόουσι
1012 2915 1152 2996 καθάπερ
1168 2922 1214 2980 ἐπὶ
1232 2917 1377 2980 Ἀκόστον

208 3033 257 3105 τῆς
279 3023 387 3095 πόλεως
411 3021 506 3103 ἄρξειν
529 3030 585 3090 aad.
635 3044 686 3109 ‚ex
722 3025 839 3107 quihus
875 3024 1097 3109 cognoscimus
1131 3024 1196 3090 iarn
1225 3025 1376 3091 Atthido-

209 3131 349 3212 graphos
373 3149 413 3196 ex
441 3149 518 3197 suae
542 3131 661 3197 aetatis
696 3134 793 3198 rebus
829 3133 873 3197 ad
897 3130 1070 3214 pristinum
1106 3137 1234 3215 tempus
1258 3129 1376 3198 fecisse

208 3235 456 3304 conclusionem.
514 3239 708 3305 Aristoteles
746 3238 848 3321 igitur
886 3257 951 3304 non
989 3238 1112 3319 primus
1151 3239 1238 3306 viam
1278 3236 1375 3304 istam

209 3343 448 3430 monstrarier),
485 3346 543 3411 sed
577 3352 790 3412 monstratam
826 3351 1015 3428 persecutus
1051 3351 1109 3412 est.
1156 3347 1208 3414 Ad
1244 3347 1375 3411 eosdem

208 3451 384 3533 scriptores
422 3449 594 3517 reserenda
633 3463 707 3518 sunt
751 3453 850 3518 etiam
889 3454 992 3521 verba
1032 3472 1115 3534 quae
1153 3452 1248 3534 paulo
1286 3450 1374 3518 infra

207 3557 394 3643 legimus⁴):
424 3557 537 3619 ίππώδα
565 3559 594 3618 δὲ
626 3557 706 3642 (scil.
731 3556 785 3619 ἔδει
816 3559 918 3645 τελεῖν)
947 3557 1013 3630 τοὺς
1035 3557 1189 3638 τριακόσια
1213 3568 1375 3629 ποιοῦντας.

207 3665 247 3735 ὡς
269 3667 293 3725 δ’
321 3663 420 3726 ἔνιοί
442 3687 543 3744 φασι
566 3665 633 3738 τοὺς
666 3673 856 3746 ἱπποτροφεῖν
890 3673 1070 3747 δυναμένους.
1117 3678 1298 3746 σημεῖον
1332 3665 1375 3727 δὲ

297 3843 306 3872 l

295 3845 318 3998 ’ό
337 3841 590 3988 ἔόῐὲόοὸΙξώθξίοῖ
597 3951 623 3984 τε
634 3928 666 3998 όὴ
676 3931 724 3998 τὴν
735 3930 843 3986 Ἀτθίδα
857 3934 913 4002 (τὰς
922 3931 1075 4001 Ἀτθίδστῗ)
1087 3933 1281 4004 συγγράψαντες
1289 3929 1376 3984 πολλὰ

208 4014 397 4086 διαφωνοῦντος
414 4017 466 4074 mi.

296 4106 315 4176 ⁸)
336 4105 373 4160 Ut
389 4106 491 4162 Keilius
512 4106 594 4162 voluit
612 4125 636 4178 p.
657 4109 725 4169 169:
763 4113 803 4161 Er
828 4113 898 4162 νοτία
914 4113 958 4162 der·
977 4113 1086 4164 Metlrode
1106 4115 1152 4164 deu
1178 4116 1255 4179 Weg.
1273 4151 1301 4166 ..
1335 4115 1374 4163 Er

205 4199 270 4247 Iehrt
286 4213 334 4246 οκι
351 4197 503 4248 όιιέτδιιιιέιιι
531 4199 710 4250 Vaerhdltnr'ssen
728 4202 775 4250 mit
800 4201 961 4252 δίεέονίοιίαν
980 4202 1094 4253 Methode
1116 4217 1237 4268 gemerem
1263 4202 1373 4252 Verhdlt·

205 4289 272 4338 κεἰεε
291 4287 453 4343 ersehliessen.

294 4375 317 4444 ⁴)
337 4390 363 4443 p.
384 4374 407 4442 7,
427 4372 444 4429 3
462 4373 495 4429 K.
516 4375 559 4429 W.
