3144 4826
716 307 759 378 23

153 521 491 602 τηννάθοδον,άλλάίελ
506 529 712 607 προσέπταιον.
764 523 840 588 ιιατά
876 525 909 590 τό
944 524 1060 610 ἰσχυρόν
1097 529 1131 591 οό
1170 525 1323 610 προεχώρεε

152 629 184 692 εἰ*
205 651 237 693 τε
252 629 308 713 γάρ
323 643 384 704 τοῖς
398 628 494 703 ἄλλοις
515 628 559 704 οίς
573 630 715 715 ε’πραττον
764 631 900 718 κάτοδος,
926 631 1001 699 άλλά
1024 639 1221 716 προσέπταιον
1242 633 1325 716 μεγά·

151 735 363 819 διεσφάλλοντο
393 743 441 802 καὶ
475 741 680 823 τειχίσαντες.
705 789 712 808 .
764 743 821 814 λως
847 744 1014 824 πειρώμενοι
1048 747 1176 806 κατιέναι
1209 765 1240 806 τι
1276 743 1325 803 καὶ

152 845 335 927 Λειψόδριον
368 845 402 910 τό
433 833 522 930 ὑπὲρ
541 845 712 931 Πάρνηθος,
764 851 935 932 ἐλευθεροῦν
965 849 1019 923 τὰς
1046 849 1184 934 Ἀθάνας,
1214 849 1326 932 Λειψό

153 959 196 1026 είς
219 951 235 1017 ὃ
258 954 434 1035 συνεξῆλθον
456 975 530 1028 τινες
544 965 599 1019 τῶν
614 961 646 1018 έκ
664 965 716 1018 τοῦ
764 962 844 1038 δριον
866 955 899 1020 τό
922 959 995 1041 ὑπὲρ
1020 962 1159 1039 Παιονίης
1188 961 1326 1041 τειχίσαν-

154 1058 277 1136 άστεως,
292 1061 574 1145 ίξεπολιοριιηθησαν
590 1061 647 1126 ὑπὸ
661 1071 716 1126 τῶν
764 1086 824 1139 τες,
870 1072 1000 1129 ἐνθαῦτα
1051 1072 1080 1129 οί
1121 1067 1326 1146 Ἀλκμεωνίδαι

153 1168 309 1250 τυράννων,
326 1165 398 1234 όθεν
415 1167 536 1252 ὕστερον
556 1176 596 1244 είς
609 1168 716 1250 ταότην
765 1182 824 1236 πᾶν
869 1177 916 1236 ἐπὶ
960 1185 1020 1246 τοῖς
1066 1173 1326 1256 Πεισιστρατίδῃσι

154 1276 207 1358 τὴν
218 1278 373 1360 συμφοράν
385 1275 452 1358 ᾖδον
464 1285 493 1341 έν
505 1291 565 1351 τοῖς
576 1280 714 1350 σκολίοιςτ
765 1279 970 1363 μηχανεόμενοι

156 1387 354 1472 (sequuntur
377 1386 470 1456 soolii
493 1387 630 1471 verba).
644 1385 716 1448 ἀπο

157 1491 342 1576 τυγχάνοντες
378 1490 427 1557 σόν
465 1501 496 1558 ἐν
529 1491 623 1556 ἅπασι
657 1504 717 1566 τοῖς
767 1496 836 1579 παρ’
870 1495 1081 1577 Ἀμφικτυόνων
1108 1491 1158 1558 τόν
1187 1491 1254 1574 νηόν
1283 1517 1326 1572 μι·

157 1597 256 1674 ἄλλοις
266 1599 468 1680 ἐμισθώσαντο
482 1599 530 1665 τόν
550 1607 580 1664 έν
590 1602 718 1681 Δελφοῖς
768 1611 912 1666 σθοῦνται
923 1601 1175 1684 τόνένΔελφοϊσι.
1188 1653 1196 1668 .
1207 1652 1214 1668 .
1227 1611 1328 1666 τοῦτον

157 1707 225 1771 νεών
252 1715 419 1789 οίκοδομεΐν,
455 1706 527 1773 ὅθεν
557 1707 718 1790 εὐπόρησαν
768 1709 997 1790 ἐξοικοδομῆσαι.
1014 1706 1063 1773 οἶα
1080 1711 1111 1772 δὲ
1127 1703 1328 1792 χρημάτωνεό

157 1815 308 1899 χρημάτων
332 1855 376 1868 -
399 1858 443 1868 -
768 1813 1003 1898 ἧκοντες...τόν
1012 1840 1044 1881 τε
1057 1817 1123 1898 νηόν
1135 1814 1328 1899 ἐξεργάσαντο

767 1935 819 1990 τοῦ
842 1931 1078 2011 παραδείγματος
1101 1922 1217 1988 πάλλων
1239 1923 1277 1986 τά
1297 1945 1329 1985 τε

769 2030 843 2097 ἄλλα
868 2037 921 2097 καί
929 2088 936 2101 .
950 2086 978 2102 ,.

646 2132 719 2217 πρός
940 2143 982 2224 V,
1007 2142 1050 2210 63
1074 2137 1153 2205 οὗτοι
1176 2146 1205 2203 οἱ
1227 2135 1330 2220 άνδρες

158 2245 207 2328 την
229 2257 284 2312 τῶν
307 2245 454 2312 Λακώνων
475 2244 625 2330 βοήθειαν.
650 2244 717 2322 ἡδὲ
769 2250 926 2314 ἀνέπειθον
953 2248 1004 2330 τὴν
1033 2252 1153 2329 Πυθίην
1175 2245 1328 2330 χρήμασιν,

161 2359 266 2418 Πυθία
289 2359 449 2438 προέφερεν
469 2358 525 2417 αίελ
547 2366 608 2426 τοῖς
623 2357 718 2415 Λακε-
769 2353 844 2430 ὅκως
865 2354 981 2421 ἔλθοιεν
1002 2359 1210 2440 Σπαρτιητέων
1228 2350 1331 2435 ἄνδρες

160 2467 317 2542 δαίμωίθίς
342 2459 626 2546 κρησῦηῦέαζῦμίίθίς
646 2462 719 2523 ἕλευ
771 2463 1014 2548 ...χρησόμενοη
1031 2468 1187 2546 προφέρειν
1203 2484 1256 2541 σφι
1275 2458 1328 2532 τάς

160 2579 269 2652 θεροῦν
305 2568 358 2643 τάς
391 2566 519 2650 Ἀθήνας
557 2573 597 2640 είς
633 2567 717 2630 τοῦθ’
769 2571 900 2654 Ἀθήνας
921 2575 1094 2652 ἐλευθεροῦν
1103 2571 1137 2658 ¹).
1183 2571 1328 2632 Λακεδαι-

161 2677 215 2750 ἔως
237 2679 402 2762 προύτρεψε
428 2675 495 2749 τοὺς
517 2673 717 2760 Σπαρτιάτας,
769 2681 861 2762 μόνιοι
898 2685 940 2754 δέ,
977 2676 1015 2753 ὥς
1045 2701 1118 2760 σφιν
1151 2679 1208 2740 αίεὶ
1240 2672 1331 2739 τώυτό

770 2788 941 2870 πρόφαντον
963 2791 1079 2870 ἐγίνετο,

1061 2897 1223 2974 πέμπουσιν
1240 2889 1329 2973 >1721-

769 3003 869 3082 μόλιον
890 3050 897 3066 .
921 3055 927 3072 ,
952 3051 959 3065 .
983 3000 1035 3066 σόν
1057 3009 1173 3083 στρατῷ
1193 2997 1331 3074 ίξελῶντα

455 3112 561 3190 καίπερ
585 3103 674 3170 ὄντοιν
771 3115 1018 3194 Πεισιστρατίδας
1040 3108 1071 3184 ίξ
1088 3107 1235 3188 Ἀθηνέων
1254 3103 1333 3186 ὅμως

162 3215 249 3290 ξένων
275 3219 374 3285 αὐτοῖς
403 3225 458 3278 τῶν
480 3217 718 3294 Πεισισρατιδῶυ.
772 3222 819 3280 καὶ
832 3217 949 3294 ξεινίους
960 3217 1138 3298 σφινέόιτας
1148 3211 1185 3278 τά
1193 3213 1330 3295 μάλιστα·

162 3323 350 3404 συνεβάλλετο
373 3323 403 3386 δλ
424 3325 477 3386 οόιι
493 3322 601 3384 ἐλάττω
615 3332 720 3402 μοι’ραν

164 3441 215 3510 της
238 3435 329 3512 όρμῦς
357 3443 418 3503 τοῖς
440 3426 582 3494 Λάκωσιν
607 3433 625 3510 ἡ
648 3425 722 3510 πρός

162 3535 229 3610 τοὺς
236 3536 379 3620 Ἀργείους
393 3549 454 3612 τοῖς
466 3539 723 3618 Πεισιστρατίδαις

163 3643 334 3728 ι’·πάρχουσα
357 3645 448 3722 φιλία,

375 3807 404 3872 p.
431 3787 506 3870 21,4
947 3785 1028 3856 Hdt.
1048 3785 1090 3868 V,
1116 3783 1158 3854 63

772 3893 810 3959 τά
848 3893 902 3978 γάρ
940 3905 992 3958 τοῦ
1030 3903 1104 3958 θεοῦ
1149 3889 1332 3976 πρισβότερα

270 4001 377 4084 τὸμὲν
400 3999 579 4086 οὗνπρῦπον
596 3999 722 4084 Ἀηχάιο-
773 4009 919 4068 ἐποιεῦντο
966 3999 983 4083 ἢ
1026 3999 1064 4064 τά
1107 4012 1163 4066 τῶν
1212 4001 1332 4082 άνδρῶυ.

165 4113 215 4174 λοι
249 4113 423 4176 ἀπέστειλαν
458 4110 534 4174 κατά
568 4108 723 4176 θάλατταν
773 4109 919 4194 πέμπουσι
953 4111 984 4172 δὲ
1018 4107 1135 4181 τούτους
1168 4105 1244 4171 κατά
1279 4103 1334 4170 θά·

166 4217 266 4302 ἔχοντα
289 4219 435 4302 στρατιάν.
773 4221 888 4282 λασσαν
911 4219 1076 4286 πλοίοισιν.
1102 4270 1108 4284 .
1132 4268 1140 4286 .

242 4348 367 4358 ...—

240 4399 260 4464 Ι)
280 4353 377 4452 Eadem¹
393 4397 473 4454 verba
492 4397 641 4452 amotus
661 4398 764 4468 repetiit
782 4397 829 4466 τι,
851 4397 910 4454 ιεε.
