3144 4826
710 266 752 335 35

147 466 277 552 propius
315 466 441 534 accedit
478 471 513 532 et
547 464 709 533 Herodoti
748 464 880 548 insuper
918 462 1034 530 nititur
1067 461 1266 530 auctoritate
1277 461 1308 548 ¹).

147 573 399 658 Aristophanem
428 572 530 656 igitur
564 570 695 640 missum
725 571 884 639 iaciamus
917 575 952 637 et
979 587 1021 636 ne
1044 587 1086 636 ex
1109 567 1310 652 Thucydidis

148 679 275 764 quidem
309 681 393 763 loco,
429 699 490 762 quo
522 681 763 746 consentientes
787 683 919 745 exstant
943 677 1006 744 duo
1030 675 1197 764 numeri2)‚
1222 674 1310 757 quic

147 807 243 870 qnam
278 805 447 871 possumus
481 786 618 866 lucrari,
655 785 731 868 quia
765 784 811 850 ihi
845 786 886 850 de
921 783 985 850 ulio
1020 782 1131 867 agitur
1165 791 1311 866 tempore

146 895 284 976 ideoque
308 893 505 962 monentium
528 891 644 962 calculi
666 891 789 974 reliqui.

234 1003 284 1068 De
319 999 480 1084 capitibus
515 1001 726 1082 sequentihus
748 998 1042 1085 (XXV-XXVIII)
1077 1017 1139 1065 non
1176 998 1310 1066 multum

147 1110 305 1192 estquod
329 1108 482 1176 dicamus.
529 1107 624 1175 Unde
652 1125 706 1174 res
736 1111 882 1190 sumptas
910 1123 982 1172 esse
1006 1107 1174 1172 credemus
1198 1123 1239 1170 ex
1263 1105 1311 1172 eis

146 1235 230 1300 qnae
245 1215 480 1298 disputavimus
495 1213 578 1282 satis
590 1217 741 1296 apparet3
757 1212 946 1296 singulatim
959 1211 1114 1280 indicium
1126 1213 1310 1280 accuratius

10 1335 11 1360 ³
145 1323 217 1390 lieri
239 1328 356 1394 vetant
378 1327 551 1389 truncatae
572 1320 743 1388 Atthidum
766 1318 933 1400 reliquiae.

233 1428 367 1496 Etenim
405 1427 434 1494 si
470 1427 614 1494 traditur
647 1426 882 1496 Androtionem
917 1427 958 1494 de
993 1445 1078 1494 anno
1113 1445 1174 1508 qno
1210 1427 1310 1494 eleon

146 1545 292 1604 mortuus
315 1535 358 1601 sit
381 1534 601 1619 exposuisscss)
631 1533 713 1600 nihil
740 1535 783 1600 ad
806 1553 865 1600 nos
888 1535 1008 1601 attinet
1031 1535 1115 1600 scire
1140 1532 1310 1616 cupientes

145 1641 353 1710 rettuleritne
376 1642 417 1709 dc
440 1641 584 1708 eiusdem
607 1640 736 1708 Cleonis
760 1640 903 1708 moribus
926 1639 1045 1706 similia
1068 1647 1166 1722 atque
1186 1639 1310 1706 Aristo·

146 1750 264 1837 caloes)
300 1767 416 1830 necne;
451 1759 509 1814 aut
542 1747 572 1814 si
604 1748 648 1813 ad
682 1746 912 1830 Aristophanis
940 1747 1038 1829 Vesp.
1062 1768 1093 1816 v.
1130 1745 1195 1813 982
1218 1746 1310 1834 (941)

145 1858 336 1924 adnotatum
358 1854 498 1938 legimns
521 1853 755 1936 Thucydidem,
780 1853 920 1921 Periclis
943 1854 1181 1937 adversarium,
1206 1854 1309 1922 luisse

145 1963 302 2030 Melosios
326 1961 348 2027 i.
365 1960 568 2028 Androtionc
591 1961 769 2045 auctore5),
794 1963 957 2028 Pantaeni
973 1961 996 2026 f.
1013 1963 1189 2028 secundum
1206 1962 1309 2028 Thoo-

146 2087 306 2153 pompnm,
330 2087 524 2149 quamquam
541 2067 661 2151 respici
676 2075 793 2152 potest,
818 2069 895 2150 quia
909 2070 944 2135 iu
967 2071 1030 2136 hec
1044 2088 1081 2135 re
1097 2068 1311 2140 Aristotelem

146 2195 215 2244 cum
255 2175 457 2243 Androtione
495 2175 680 2242 consentire
724 2174 882 2260 vidimus,
930 2183 1040 2242 tamen
1083 2194 1196 2258 parum
1234 2177 1311 2242 inde

146 2285 290 2366 capimus
313 2281 479 2349 utilitatis.
511 2285 560 2348 Ac
583 2301 624 2348 nc
640 2281 720 2348 illud
733 2281 862 2364 quidem
879 2281 1040 2368 conducit,
1065 2283 1151 2373 qnod
1165 2283 1310 2349 animad-

146 2389 304 2458 vertimus
320 2391 502 2455 Isocratem
525 2389 559 2454 in
582 2388 728 2455 oratione
752 2407 849 2470 quam
872 2391 937 2468 περὶ
961 2387 1070 2470 thimo
1089 2388 1223 2473 scripsit
1238 2407 1310 2456 cum

149 2493 317 2562 Aristoteli
340 2493 531 2562 convenire:

242 2601 310 2664 Ἀθ.
333 2604 398 2668 πολ,
423 2623 452 2686 p.
477 2599 529 2684 28,
554 2601 597 2668 25
724 2589 727 2712 Ι
889 2604 990 2672 Isotr.
1015 2605 1110 2690 VIII,
1135 2603 1177 2671 87

145 2715 199 2770 uisi
224 2713 386 2790 συνέβαινεν
417 2719 472 2772 τῶν
495 2709 624 2783 ἐξιόντων
647 2708 702 2772 ded
753 2714 801 2772 καὶ
822 2710 890 2783 τοὺς
911 2710 988 2776 κατὰ
1015 2716 1120 2796 χιλίους
1147 2717 1195 2775 καὶ
1224 2719 1311 2795 δισχι-

145 2814 701 2898 erepcionetapeaptloocdne'ueeem,
752 2820 829 2891 lieno
856 2817 1102 2900 ἀποθνήσκοντας
1134 2825 1178 2892 τΙς
1209 2818 1245 2882 ἂν
1271 2819 1311 2892 ἐξ·

752 2925 959 3006 αριθμὴστιινς
1149 2927 1244 3010 VIII,
1268 2924 1312 2992 88

750 3029 788 3094 τὰ
811 3030 866 3115 γὰρ
889 3039 953 3116 γένη
973 3043 1028 3096 τῶν
1057 3034 1148 3098 ἀκοῶν
1174 3045 1230 3098 τῶν
1253 3033 1312 3096 ὀνο·

143 3133 213 3200 ders
237 3138 451 3198 ἀναλίσκεσθαι
481 3137 547 3210 τοὺς
569 3145 701 3210 ἐπιεικεῖς
751 3137 942 3216 μαστστᾶταν
965 3145 1012 3202 καὶ
1040 3139 1106 3214 τοὺς
1128 3141 1224 3212 σι’κους
1246 3139 1313 3212 τοὺς

144 3247 192 3306 καὶ
215 3255 266 3306 τοῦ
287 3241 378 3323 δήμου
407 3247 455 3305 καὶ
482 3257 536 3306 τῶν
561 3243 699 3326 aindoma.
750 3251 901 3328 μεγίστους
931 3300 938 3314 .
972 3299 979 3314 .
1011 3293 1018 3308 .
1049 3299 1056 3314 .
1089 3247 1247 3328 sinimur
1274 3301 1281 3314 .
1305 3299 1312 3314 .

751 3351 931 3426 ἀναστάτους
955 3361 1158 3436 γνγινημένοος.

232 3459 303 3541 Quo
320 3477 360 3524 cx
376 3465 535 3526 concentu
553 3459 633 3528 nihil
650 3459 818 3545 colligitur
833 3459 896 3528 nisi
912 3460 967 3530 hic
983 3479 1110 3544 quoquc
1127 3471 1164 3529 nt
1179 3462 1313 3546 annot)

143 3567 312 3647 utriusque
334 3565 505 3634 enuntiata
529 3569 667 3638 eundem
690 3569 862 3638 Atthidem
884 3570 1038 3638 hahuisse
1061 3569 1197 3638 iontem.

234 3709 252 3774 ι)
272 3707 334 3763 σοι.
353 3708 395 3764 111
413 3709 463 3768 or:
491 3703 516 3760 α
532 3706 680 3778 meten
707 3709 756 3780 po
783 3709 828 3765 τοι
847 3685 1062 3780 umectam
1079 3713 1177 3780 ptem
1196 3713 1244 3764 ιιι
1262 3706 1315 3766 tre

142 3815 167 3848 τι
187 3795 286 3866 ἐγίνετο
304 3793 462 3866 διαβάλλειν,
481 3799 572 3868 speia
590 3795 624 3852 δὲ
641 3796 807 3872 μυριάδας
824 3799 1012 3868 Ἀθηναίων
1030 3797 1133 3868 ἐποίησε
1153 3801 1237 3856 coito.

232 3885 254 3954 ²)
273 3885 354 3942 Thac.
382 3887 417 3954 ΙΙ,
444 3888 486 3956 lt,
518 3887 551 3942 8:
589 3881 685 3944 ἱππέας
712 3885 735 3942 δ’
764 3887 892 3960 ἀπέφαινε
922 3887 1069 3946 διακοσίους
1097 3895 1142 3943 set
1170 3889 1267 3958 χιλίους
1281 3928 1313 3950 ..‚

142 3973 289 4036 ἑξακοσίους
307 3971 335 4028 δὲ
353 3981 398 4030 καὶ
416 3973 513 4042 χιλίους
530 3975 637 4040 τοξότας
655 4001 689 4028 =
707 3977 765 4034 Ἀθ.
784 3978 843 4034 πολ.
863 3997 888 4050 p.
909 3981 951 4048 27,
972 3981 1051 4036 4-6.

231 4063 253 4132 ¹)
272 4067 352 4122 Andr.
372 4065 421 4136 τις.
440 4067 474 4122 46
492 4065 528 4122 ht
549 4089 582 4116 -.-.
601 4067 684 4124 schol.
704 4068 837 4140 Aristoph.
857 4070 930 4128 Nuh.
949 4070 1002 4130 540
1020 4084 1079 4142 sqq.

230 4153 251 4220 ⁴)
270 4169 295 4224 lt·
314 4155 357 4224 dl,
375 4155 465 4214 7··10
482 4155 516 4214 K.
536 4156 578 4210 W.

231 4241 253 4308 ι)
273 4243 353 4298 Andr.
373 4243 424 4316 irg.
443 4245 478 4300 43
496 4245 532 4302 lt

230 4331 253 4398 ¹)
271 4331 304 4386 ol.
323 4345 403 4402 sopra
421 4347 444 4402 p.
466 4333 499 4390 10
522 4351 581 4390 oum
600 4339 661 4394 adn.
680 4339 705 4394 9,
