3144 4826
763 309 804 378 13

201 511 253 600 qni
274 511 423 578 loeornm
445 509 611 578 vocabula
640 531 681 575 ax
711 509 826 576 fabula
856 507 969 590 aliqua
1000 507 1170 574 declarare
1201 507 1308 574 semel*
1332 511 1367 574 et

198 619 314 684 iterum
331 618 543 708 periclitatus
560 623 620 684 est.
626 618 650 704 ¹)
697 615 877 704 comperet
890 615 995 702 igitur
1009 615 1064 681 hio
1077 636 1206 703 quoque
1219 614 1366 682 Atthidis

197 726 382 812 vestigium,
406 726 440 790 in
465 745 531 806 qua
553 723 755 811 praemissae
779 723 819 789 de
843 722 980 789 decuma
1003 745 1024 789 a
1046 721 1225 788 Pisistrato
1249 727 1368 790 exaota

196 833 380 899 narrationi
404 830 533 898 adnexa
557 835 631 896 erat
652 831 735 902 haee
759 829 799 896 de
823 849 890 911 qua
920 830 1046 917 egimus
1078 828 1201 895 fabula.
1248 832 1367 918 Itaque

196 940 338 1006 conicias
362 945 422 1004 tuo
444 939 517 1004 iure
541 937 736 1025 Stagiritem
759 936 820 1003 has
843 959 898 1003 res
922 937 1063 1026 quasin
1086 959 1157 1024 oap.
1186 937 1225 1002 16
1248 957 1366 1025 propo.

197 1047 265 1112 snit
294 1069 335 1112 ex
365 1044 563 1111 Atthidibus
592 1045 756 1111 hausisse.
802 1045 890 1112 Nam
924 1045 1024 1112 etiam
1050 1044 1166 1130 legem,
1203 1066 1301 1132 quam
1332 1044 1367 1110 in

197 1175 267 1242 esp.
292 1153 357 1219 fine
381 1153 524 1230 exhibet,
558 1152 694 1218 eandem
725 1151 848 1219 habere
879 1153 1039 1240 originem
1062 1151 1136 1218 veri
1167 1151 1274 1218 simile
1304 1157 1365 1231 est,

197 1267 237 1326 nt
255 1261 343 1328 infra
365 1260 592 1347 videbimuss)

285 1402 383 1486 Quod
398 1404 528 1491 supral)
550 1401 590 1468 de
606 1401 754 1469 auotoris
768 1401 880 1470 indole
895 1402 1139 1491 proposuimus,
1164 1423 1251 1467 nuno
1271 1401 1367 1467 novis

197 1511 399 1597 argumentis
431 1509 598 1576 firmatum
625 1509 822 1598 repetimus:
853 1509 995 1576 Secutus
1024 1513 1077 1574 est
1099 1508 1304 1576 Aristoteles
1333 1508 1367 1572 in

197 1616 391 1684 enarrandis
414 1616 585 1681 Pisistrati
608 1615 755 1681 sortibus
770 1615 979 1683 Herodotum
986 1641 993 1700 ;
1020 1613 1197 1681 arcessivit
1211 1613 1367 1680 Atthide·

195 1725 398 1814 graphorum
408 1745 519 1810 opera,
531 1723 651 1804 quibus
659 1722 851 1788 Herodotea
863 1722 1038 1811 suppleret
1049 1728 1149 1811 etque
1162 1721 1367 1803 emendaret;

197 1853 374 1920 numquam
416 1851 522 1911 neque
553 1829 646 1895 illius
683 1852 787 1918 neque
819 1830 938 1896 horum
973 1830 1168 1896 auctoritati
1203 1853 1238 1895 se
1277 1828 1369 1895 dedit

197 1938 386 2020 obnoxium,
426 1936 486 2003 sed
519 1958 718 2024 percensens
759 1957 842 2017 quae
881 1936 1009 2003 tradita
1037 1936 1230 2002 inveniebat
1263 1935 1368 2002 libero

197 2043 319 2109 iudicio
348 2045 478 2123 statuit,
513 2043 591 2132 quid
622 2049 656 2109 et
679 2043 840 2132 quomodo
865 2044 929 2110 sibi
952 2043 1114 2130 agendum
1138 2049 1236 2110 esset.
1285 2043 1368 2110 Con·

196 2151 333 2217 trariam
356 2152 500 2241 protulit
522 2152 720 2217 sententiam
743 2152 796 2217 vir
819 2151 1030 2217 doctissimus
1054 2151 1111 2240 qui
1134 2173 1241 2240 nuper
1262 2153 1369 2240 perite

196 2280 265 2323 rem
286 2259 449 2326 trmtavit
471 2259 699 2342 Koehlerns.⁴)
745 2256 885 2324 Censuit
915 2258 1000 2324 enirn
1023 2257 1242 2324 Aristotelem
1271 2258 1368 2324 modo

197 2365 284 2431 huno
306 2365 402 2432 modo
425 2365 520 2431 illum
550 2371 700 2432 seontum
730 2371 898 2431 auctorem
929 2365 1027 2430 etiam
1051 2388 1105 2430 res
1135 2365 1369 2431 dissentientes

197 2471 285 2537 inter
318 2495 353 2537 se
385 2477 508 2539 temere
543 2472 724 2538 miscuisse.
773 2470 880 2552 Quam
915 2472 1112 2537 sententiam
1148 2472 1299 2559 oonoepit
1328 2495 1369 2538 ex

198 2579 377 2646 observate
400 2580 539 2658 ratione,
565 2602 663 2666 quam
686 2579 720 2643 in
744 2601 906 2644 annorum
929 2578 1014 2644 serie
1038 2578 1260 2667 computanda
1282 2579 1370 2644 inter

196 2685 416 2752 Aristotelem
432 2691 467 2752 et
482 2685 689 2752 Herodotum
704 2684 909 2752 intercedere
925 2685 988 2750 sibi
1004 2687 1187 2774 persuasit:
1206 2685 1370 2751 eonolnsit

197 2815 238 2858 ex
261 2794 405 2859 numeris
429 2815 599 2872 annorum,
625 2813 708 2874 quos
730 2791 859 2877 integre
883 2791 974 2880 apud
991 2793 1205 2858 Aristotelem
1226 2791 1369 2858 traditos

198 2921 270 2965 esse
294 2901 461 2990 opinatur,
486 2906 655 2967 auctorem
678 2899 870 2988 philosophi
892 2900 1108 2965 Pisistratum
1136 2922 1196 2988 per
1224 2899 1254 2982 5,
1285 2898 1315 2979 6,
1349 2897 1369 2965 6

199 3029 303 3073 annos
334 3009 368 3072 in
398 3009 536 3097 imperio
566 3031 627 3096 per
656 3008 677 3072 6
709 3011 743 3072 et
775 3005 817 3073 10
844 3029 948 3072 annos
979 3007 1014 3072 in
1041 3007 1157 3072 exsilio
1181 3015 1369 3074 versantem

196 3113 323 3182 fecisse.
371 3115 453 3182 Inde
478 3138 675 3205 quamquam
699 3114 859 3186 hauserit,
888 3119 999 3180 tamen
1033 3115 1247 3182 Aristotelem
1276 3115 1369 3182 tertii

197 3221 326 3310 imperii
365 3245 470 3288 annos
508 3223 686 3301 celavisse,
733 3227 772 3286 ut
810 3219 1025 3288 Pisistratum
1071 3245 1131 3312 per
1179 3219 1218 3288 19
1265 3243 1369 3288 annos

198 3333 391 3414 regnantem
426 3329 553 3396 faceret
587 3335 621 3396 et
651 3331 701 3396 ita
736 3353 809 3395 oum
841 3328 1014 3396 Herodoto
1046 3329 1258 3408 consentiret,
1311 3329 1368 3418 qni

197 3435 414 3502 Pisistratum
431 3443 465 3502 et
480 3437 575 3518 lilios,
594 3438 713 3526 quibus
732 3435 773 3503 l‘l
789 3459 894 3503 annos
909 3436 1113 3522 tribuuntur,
1130 3459 1191 3526 per
1206 3436 1249 3502 36
1265 3459 1369 3504 annos

198 3599 409 3608 —u—-—--

289 3685 308 3752 ¹)
328 3685 402 3740 velut
428 3683 619 3754 Ἀγαμεμνόνια
647 3685 747 3754 φρέατι
775 3685 894 3754 (Hesyoh
913 3700 934 3741 s.
954 3683 1087 3740 uzolit.
1106 3685 1154 3754 irg-
1173 3687 1190 3742 9
1208 3686 1263 3755 li),
1290 3683 1368 3754 Ἀμο-

199 3775 297 3836 &rem
328 3773 408 3838 (Plut.
439 3773 515 3830 Thes.
535 3791 557 3830 o.
577 3773 612 3828 26
629 3795 661 3822 =
678 3775 726 3842 frg.
746 3777 781 3842 6),
801 3767 956 3827 Παλλάδιον
988 3773 1093 3839 (Snides
1111 3790 1133 3830 e.
1153 3791 1178 3828 v.
1196 3797 1230 3822 =
1246 3775 1294 3844 lrg.
1316 3776 1367 3842 12).

197 3863 271 3918 ldem
291 3863 317 3915 in
337 3861 385 3916 hoo
404 3865 490 3918 studio
518 3863 597 3917 etism
616 3861 774 3930 etymologia
793 3879 858 3918 usus
876 3862 1004 3918 voeabula
1030 3861 1106 3925 Πνύξ
1123 3879 1139 3918 a
1158 3863 1237 3918 verbo
1264 3865 1370 3918 matr

197 3951 361 4022 (Enrpoorat.
380 3969 401 4006 s.
421 3953 545 4022 uzfrg.
566 3955 610 4014 18)
628 3949 718 4020 ἐφέται
735 3969 751 4006 a
770 3953 850 4008 verbo
870 3953 970 4022 ἐφιέναι
988 3953 1093 4022 (suidas
1111 3969 1132 4008 s.
1154 3969 1177 4006 v.
1197 3951 1240 4006 ἐπὶ
1258 3951 1368 4008 nul·-

198 4039 342 4110 dlqazlrg.
362 4043 407 4110 12)
425 4043 534 4098 derivat.

288 4131 310 4198 'l
328 4131 362 4186 ⁰¹·
381 4131 450 4186 nnn
467 4149 493 4204 r·
511 4131 548 4188 ⁴0
565 4147 623 4202 no·

289 4219 410 4291 ¹)supra
426 4237 453 4291 p.
472 4221 527 4292 ue.

288 4311 309 4376 ⁴)
328 4309 444 4364 Kochlor
472 4313 639 4378 Sitmgroer.
667 4315 692 4366 d.
719 4313 767 4380 hgl.
783 4323 880 4380 prenso.
912 4315 991 4370 ΑΜ.
1020 4315 1044 4368 d.
1073 4313 1212 4366 Wssmch.
1244 4311 1311 4372 1892
1345 4329 1368 4382 p.
