3144 4826
751 289 794 358 14

189 507 345 574 regnasse
381 484 594 573 tradiderit.¹)
660 486 811 554 Eundem
845 483 1062 556 Aristotelem
1097 485 1133 554 in
1170 485 1354 574 Ponticis)

191 593 365 661 discrimen
386 592 438 662 ita
460 611 644 676 exaequare
667 592 843 673 studuisse,
875 598 915 659 ut
944 616 1046 660 unum
1068 615 1190 661 annum
1210 592 1355 663 filiorum

189 700 326 789 imperio
360 700 497 768 adderet
530 699 599 789 (18)
633 704 668 768 et
701 699 741 767 dc
775 724 902 768 summa
936 700 1114 770 deduceret
1146 699 1229 788 (35).
1287 700 1355 770 Sed

190 807 351 876 noscimus
375 831 418 875 an
441 808 494 876 vir
517 807 726 876 doctissimus
749 808 867 896 specis,
881 807 1024 898 quadam
1046 807 1204 898 deeeptus
1230 831 1252 876 a
1273 830 1353 877 vero

190 916 416 995 aberraverit.
451 915 594 984 Etiamsi
624 938 784 1004 ponamus
814 915 986 1006 paulisper
1008 914 1223 983 Aristotelem
1249 938 1354 984 annos

189 1023 318 1113 imperii
350 1021 444 1090 tertii
478 1021 630 1090 consulto
663 1021 840 1102 delevisse,
875 1025 987 1090 tamen
1020 1043 1060 1089 ea
1092 1044 1129 1090 re
1163 1044 1238 1090 eum
1269 1021 1353 1090 nihil

190 1131 336 1198 effecisse
372 1129 587 1198 concedamus
622 1151 756 1196 necesse
790 1133 858 1213 est,
897 1152 971 1196 oum
1004 1128 1104 1196 etiam
1140 1132 1213 1196 tum
1246 1133 1353 1198 restet

191 1237 340 1305 offensio:
374 1236 588 1304 Pisistratum
618 1258 678 1325 per
712 1234 752 1302 16
787 1259 891 1305 annos
921 1233 955 1324 (6
988 1240 1017 1301 ÷
1051 1233 1108 1322 10)
1134 1236 1170 1304 in
1200 1235 1354 1304 exsilium

189 1343 293 1410 mittit
315 1347 349 1410 et
371 1343 519 1430 legentes
543 1365 583 1409 ex
607 1343 850 1430 computatione
873 1365 1018 1410 summae
1040 1339 1112 1431 (33)
1136 1346 1170 1411 et
1192 1366 1353 1411 annorum

189 1449 318 1539 imperii
339 1447 407 1536 (19)
436 1449 611 1516 inveniunt
637 1471 711 1516 eum
733 1472 794 1537 per
817 1447 859 1516 14
882 1473 986 1518 annos
1009 1447 1066 1537 (33
1091 1488 1134 1499 -
1159 1449 1213 1539 19)
1242 1450 1354 1540 patria

190 1558 347 1624 caruisse.
394 1556 522 1623 Deinde
545 1579 611 1624 non
633 1556 834 1624 verisimile
857 1556 990 1624 videtur
1005 1556 1143 1624 eundem
1158 1557 1354 1646 scriptorem

190 1663 446 1752 discrepantiam
467 1663 502 1729 iu
524 1662 631 1731 altero
654 1662 767 1730 libello
791 1663 962 1746 celavisse,
986 1663 1156 1731 diremisse
1177 1663 1212 1730 iu
1234 1663 1351 1731 altero.

190 1769 256 1839 Sed
290 1769 377 1859 quod
410 1793 571 1837 summum
605 1775 665 1851 est,
701 1791 879 1854 numquam
915 1775 949 1838 et
983 1770 1105 1838 nemini
1138 1769 1352 1838 concedemus

188 1877 350 1945 hominem
361 1899 478 1944 sanum
490 1876 530 1944 de
543 1876 657 1944 eadem
672 1899 731 1945 sex
746 1900 908 1946 annorum
923 1877 1008 1946 serie
1024 1877 1168 1946 seribere
1183 1877 1350 1968 potuisse:

189 1983 224 2048 ori
245 1982 299 2066 γὰρ
322 1981 411 2048 πολὺν
433 1984 533 2068 χρόνον
563 1997 693 2068 κατεῖχεν
721 1985 803 2071 (soll.
828 1982 879 2066 τὴν
901 1985 1037 2073 ἀρχὴν)
1068 1988 1103 2052 11
1124 1983 1169 2048 διὸ
1192 1989 1241 2047 καὶ
1263 1983 1353 2050 πολὺν

188 2089 290 2176 χρόνον
313 2089 420 2169 ἔμεινεν
442 2097 472 2154 ἐν
493 2102 528 2172 τῇ
551 2091 666 2178 ἅρχῇί).
706 2093 779 2160 Nos
801 2096 913 2159 autem
932 2091 1082 2158 libellum
1104 2091 1252 2179 legentes
1276 2114 1352 2160 nus·

190 2221 287 2287 quam
310 2197 560 2266 observavimus
582 2221 721 2286 prorsus
752 2198 934 2265 dementem
955 2186 1058 2263 fuisse
1080 2196 1288 2284 scriptorem
1313 2221 1353 2267 ac

188 2329 229 2372 ne
251 2305 286 2372 id
309 2305 439 2395 quidem
462 2328 483 2372 a
505 2306 599 2373 nobis
622 2327 798 2393 possumus
820 2305 999 2392 impetrare
1021 2307 1061 2369 ut
1083 2303 1254 2372 credamus
1278 2303 1353 2373 Sta-

92 2433 96 2442 ·
187 2413 319 2500 giritem
341 2413 376 2479 in
399 2411 573 2480 scribendo
608 2411 738 2479 demum
767 2411 849 2480 duos
884 2415 1037 2478 auctores
1059 2411 1148 2479 inter
1170 2433 1205 2478 11
1229 2411 1352 2480 dissen-

188 2520 251 2586 tire
274 2519 480 2587 intellexisse
513 2518 652 2607 ideoque
687 2517 862 2585 discrimen
896 2517 1037 2608 quodam
1065 2517 1160 2586 modo
1184 2518 1352 2588 occultare

188 2627 365 2694 studuisse.

278 2733 345 2802 Sed
367 2755 473 2822 neque
495 2731 558 2799 hoe
581 2752 687 2816 neque
708 2732 796 2800 illud
817 2755 947 2800 1111111
970 2737 1022 2799 111
1045 2735 1223 2816 statuatum,
1254 2732 1285 2816 11
1311 2754 1353 2800 ex

188 2841 404 2909 alienatione
427 2862 497 2906 rem
520 2837 745 2907 diiudicamus.
791 2837 1070 2906 Proficiscendum
1100 2861 1172 2906 esse
1194 2839 1229 2905 in
1251 2839 1352 2907 ratio·

189 2947 328 3016 cinando
364 2946 536 3035 opinamur
569 2969 636 3013 non
669 2968 690 3013 1
723 2945 877 3026 numeria,
918 2945 975 3028 qui
1009 2945 1201 3036 saepissime
1228 2947 1263 3012 in
1289 2946 1352 3015 hoe

188 3055 318 3146 quidem
343 3053 457 3122 libello
481 3056 615 3121 exstant
638 3053 852 3143 depravatil)
882 3053 942 3120 sed
971 3075 991 3119 a
1022 3053 1133 3120 verbis
1163 3075 1204 3122 ex
1232 3054 1351 3143 quibus

188 3162 266 3252 quid
281 3161 425 3250 scriptor
440 3161 586 3228 voluerit
601 3165 691 3228 certo
707 3164 820 3250 potest
835 3161 997 3248 cognosci.
1044 3160 1126 3227 Inde
1142 3161 1173 3228 si
1188 3161 1352 3228 evincitur

188 3277 278 3338 stare
309 3293 375 3336 nou
404 3291 502 3357 posse
532 3269 589 3358 qui
619 3268 800 3334 traduntur
829 3290 992 3348 numeros,
1028 3267 1271 3356 agnoscendum
1300 3272 1352 3336 est

189 3377 397 3444 librariorum
425 3375 578 3441 mendum
607 3375 642 3440 in
672 3375 719 3441 eis
750 3373 866 3441 latere.
919 3373 959 3440 Id
993 3374 1081 3463 quod
1113 3375 1149 3441 in
1181 3374 1244 3442 hoo
1277 3374 1350 3444 loco

188 3483 316 3563 accidit,
340 3487 380 3548 ut
394 3481 553 3548 vidimus:
577 3504 782 3570 nequaquam
803 3480 982 3548 secundum
998 3481 1164 3548 Pisistrati
1178 3481 1351 3570 imperium

186 3597 254 3658 tam
277 3591 335 3656 diu
357 3611 455 3678 quam
476 3588 613 3654 tertium
635 3588 856 3676 permansisse
880 3587 1079 3655 Aristoteles
1100 3586 1249 3667 tradidit,
1273 3587 1351 3676 quia

186 3701 257 3788 ipse
286 3720 304 3764 e
334 3695 500 3763 contrario
530 3695 622 3762 illius
651 3695 848 3763 brevitatem
874 3695 973 3762 huius
1003 3694 1256 3761 diuturnitatem
1277 3717 1351 3783 per·

186 3805 359 3896 perspicue
382 3801 589 3890 significavit.
626 3803 703 3870 Jam
726 3803 755 3870 si
776 3803 839 3870 hoc
861 3805 1020 3882 tenemus,
1045 3801 1171 3869 comuit
1192 3801 1352 3870 Koehleri

277 4013 493 4086 1)Η(11.1Ῑ,65.

276 4109 296 4174 ²)
315 4106 394 4161 Arist
413 4102 491 4158 Polit.
512 4105 581 4161 1315
600 4104 624 4158 b.
644 4102 757 4160 31-34.

276 4193 372 4264 p’Ao.
389 4191 448 4252 oroi.
467 4209 492 4262 p.
512 4193 573 4262 15‚a
591 4192 624 4249 K.
643 4192 689 4248 W.

274 4287 296 4355 ⁴)
315 4302 340 4354 p.
361 4282 440 4350 lale
457 4281 491 4336 K.
511 4281 555 4338 W.
825 4313 828 4319 -

275 4375 295 4448 ὅ)
314 4374 347 4430 cl.
365 4388 390 4440 p.
410 4371 478 4440 335.
516 4371 585 4440 1121.
623 4371 691 4442 24‚4.
729 4372 798 4434 tw.
836 4369 923 4439 3935.
959 4368 1019 4436 42,1
1039 4368 1072 4423 K.
1092 4369 1135 4424 W.
