3144 4826
637 244 846 348 ..js-

158 453 208 522 σῆς
229 439 382 522 θαλάσσης
404 444 555 524 ἡγεμονίαν
577 444 674 524 λαβεῖν
697 443 824 506 ciuicam
846 451 901 504 τῶν
923 444 1171 521 Λακεδαιμονίων.
1217 441 1324 526 Ipsius

158 549 346 618 Aristotelis
381 556 457 618 sunt
484 549 639 618 indicium
675 557 709 617 et
741 551 861 633 verba,
892 550 1010 630 quihus
1038 549 1325 632 comprehenditur

158 659 341 724 summatim
388 675 472 738 quae
499 657 687 724 Herodotus
722 656 932 738 Thucydides
966 656 1223 740 Atthidographi
1268 655 1326 722 alli

156 762 285 846 copiose
309 764 349 829 de
372 764 471 830 rebus
494 762 634 831 feliciter
657 765 698 830 ab
714 761 970 830 Atheniensibus
991 781 1029 829 eo
1051 771 1200 846 tempore
1224 763 1325 846 gestis

157 875 387 954 exposuerunt.
440 872 553 952 Neque
588 870 687 938 aliter
717 870 750 937 iu
786 869 996 951 sequentihus
1031 887 1073 936 ex
1088 889 1196 938 rerum
1231 871 1325 954 copia

156 977 304 1048 breviter
339 977 541 1061 deprompsit
562 977 739 1060 Stagirites
773 994 815 1042 ea
849 976 965 1058 quibus
1000 977 1185 1044 illustraret
1216 995 1325 1044 mores

156 1083 385 1152 Themistoclis
419 1092 454 1152 et
475 1083 646 1169 Aristidis,
682 1084 737 1165 qui
770 1091 849 1150 tunc
883 1083 917 1150 in
941 1103 977 1152 re
999 1083 1128 1166 publica
1150 1085 1324 1151 tractanda

156 1192 380 1275 praestabant.
427 1190 499 1275 Qua
532 1191 567 1258 in
601 1211 637 1258 re
672 1210 714 1259 ex
748 1199 843 1273 parte
875 1190 1030 1260 convenit
1061 1209 1133 1256 cum
1156 1191 1324 1258 Herodoto

157 1297 428 1382 Thucydideque:
464 1301 493 1368 si
522 1299 608 1366 enim
631 1300 673 1366 de
697 1298 915 1366 Themistocle
949 1298 1086 1381 legimus
1122 1295 1166 1384 ,ui
1202 1300 1325 1377 usupra

156 1409 244 1468 δοκῶν
279 1401 371 1476 δεινὸς
404 1403 483 1468 εἶναι’
496 1407 527 1492 ¹),
555 1425 651 1488 qoam
675 1409 800 1474 obrem
824 1405 1043 1472 Athenienses
1067 1411 1193 1492 ιἐχρῶντο
1216 1415 1257 1484 τῷ
1273 1407 1326 1484 μὲν

158 1515 326 1596 στρατηγοί,
360 1513 394 1580 in
425 1513 614 1580 memoriam
648 1513 816 1582 reducitur
853 1512 1012 1578 Herodoti
1047 1511 1234 1596 descriptio,
1269 1514 1326 1579 uhi

155 1620 259 1686 semel
282 1627 381 1701 atque
410 1620 526 1687 iterum
544 1623 584 1687 de
601 1619 821 1688 Themistocle
837 1621 999 1700 praetoris
1015 1637 1149 1685 munere
1166 1617 1325 1702 fungente

154 1728 258 1796 verba
281 1725 409 1813 fiont2),
434 1734 469 1792 et
491 1728 519 1792 si
541 1727 697 1794 Aristidis
720 1725 847 1792 institia
871 1725 1139 1812 praedicatus),
1163 1726 1235 1807 quis
1258 1745 1324 1793 non

154 1833 348 1902 recordatur
370 1832 458 1899 illius
481 1833 642 1900 Herodoti
664 1833 1009 1913 tantumtempora,
1033 1831 1084 1896 τὸν
1106 1831 1159 1915 ἐγὼ
1178 1832 1323 1918 νενόμικα,

156 1937 377 2019 πυνθανόμενος
398 1939 487 2003 αὑτοῦ
509 1938 559 2002 τὸν
580 1940 697 2022 τρόπον,
722 1936 842 2018 ἄριστον
865 1937 958 2022 ἄνδρα
981 1944 1119 2022 γενέσθαι
1135 1947 1165 2002 ἐν
1182 1939 1323 2022 Ἀθήνῃσι

154 2051 201 2108 καί
239 2043 531 2132 σικαιόοασονί),
592 2049 662 2114 Νοο
699 2065 764 2112 non
802 2048 967 2114 consentit
1004 2046 1228 2132 Thucydides,
1269 2051 1324 2130 qui

155 2155 403 2222 Atheniensium
463 2155 591 2236 legatos
636 2154 886 2222 Themistoclem
932 2153 1160 2238 praedicantes
1208 2153 1324 2241 tacita)

155 2257 254 2346 Ιοἰνδρα
278 2261 472 2344 στρατηγὸν
502 2259 700 2334 ξυνεσώτατον’
731 2263 934 2343 eundemque
966 2281 1073 2328 muros
1104 2260 1325 2329 aedificandos

152 2377 319 2437 curantem
355 2370 396 2436 ah
420 2369 567 2436 Aristide
603 2389 675 2438 esse
706 2367 886 2456 adiutumss)
921 2369 1072 2456 doouItl).
1119 2367 1228 2453 Quare
1258 2387 1324 2434 non

152 2475 298 2560 ineptum
322 2477 454 2542 videtur
470 2475 659 2544 existimare
676 2477 887 2544 Aristotelem
903 2474 1033 2542 illorum
1049 2494 1224 2542 memorem
1240 2476 1322 2544 haec

152 2583 331 2666 scripsisse.
378 2581 444 2650 Sed
475 2603 575 2666 snpra
605 2603 646 2650 ea
675 2601 872 2668 progressus
894 2582 1069 2666 imaginem
1093 2583 1323 2666 amplificavit:

153 2709 235 2772 quae
258 2689 343 2756 enim
361 2689 513 2760 universe
535 2691 576 2756 de
592 2689 849 2760 Atheniensibus
865 2693 1070 2772 protulerunt
1086 2690 1273 2757 Herodotus
1281 2690 1325 2776 ⁸):

152 2795 302 2876 πρόφασιν
330 2795 381 2878 τὴν
404 2801 567 2860 Παυσανίαν
598 2794 680 2880 ὕβριν
703 2797 906 2880 προϊσχόμενοι
930 2797 1083 2860 ἀπείλοντο
1106 2796 1156 2878 σὴν
1179 2802 1326 2880 ἡγεμονίην

153 2901 218 2976 σοὺς
237 2906 489 2984 Λακεδαιμονίους
504 2913 537 2973 et
552 2904 803 2992 Thucydidem:
839 2905 1058 2988 παραλαβόντες
1080 2906 1111 2967 di
1132 2911 1160 2967 oi
1175 2905 1327 2985 Ἀθηναῖοι

154 3011 206 3090 τὴν
229 3015 380 3094 ἡγεμονίαν
410 3010 501 3090 τούτῳ
530 3023 571 3091 τῷ
594 3011 693 3094 τρόπῳ
723 3009 844 3074 ἑκόντων
873 3023 928 3076 σῶν
951 3011 1102 3094 ξυμμάχων
1117 3011 1165 3074 ord
1188 3011 1222 3074 ari
1249 3017 1329 3076 Παν-

155 3167 364 3178 *unua——

243 3245 263 3310 ¹)
282 3259 307 3312 p.
327 3243 370 3312 26,
389 3243 461 3298 6-9
480 3243 514 3298 Κ.
533 3243 577 3297 W.

244 3331 346 3403 'tilde
365 3332 425 3401 VII,
446 3333 497 3390 173
516 3329 730 3404 (ἐστρατήγει
749 3327 777 3384 δὲ
796 3331 944 3400 Ἀθηναίων
964 3331 1140 3402 Θεμιστοκλῆς
1158 3335 1331 3404 expeditione

159 3425 185 3477 in
196 3421 358 3479 Thessaliam
370 3423 449 3491 iacta)
461 3421 535 3490 ¹VIII,
550 3425 568 3476 4
594 3424 652 3490 (τὸν
659 3423 812 3488 Ἀθηναίων
824 3421 1009 3494 στρατηγὸν
1019 3424 1143 3478 πείθουσι
1153 3421 1332 3494 Θεμιστοκλέα

153 3517 215 3567 autc
233 3527 348 3582 pugnam
371 3511 442 3582 apud
468 3511 639 3566 Artemisium
658 3511 836 3582 commissam)
860 3517 887 3567 et
910 3513 1008 3583 passim
1027 3513 1093 3568 llbro
1112 3514 1184 3572 Vlll
1203 3511 1331 3571 laudatur

153 3601 249 3684 quihus
278 3601 443 3672 imperatoris
473 3600 614 3656 virtutihus
645 3603 673 3656 iu
709 3617 798 3671 pugna
828 3600 969 3657 Smamiuia
996 3605 1024 3658 et
1052 3607 1112 3672 post
1136 3619 1256 3674 pugnam
1285 3601 1331 3658 iile

154 3707 218 3746 usus
236 3691 279 3750 st

244 3779 265 3849 ¹)
285 3797 309 3850 p.
329 3781 371 3848 26,
390 3781 408 3834 8
426 3779 459 3837 Κ.
479 3779 522 3836 W.

242 3869 264 3938 ⁴)
282 3868 346 3926 Hdt
368 3869 435 3928 VIII
454 3869 496 3928 te.

243 3958 266 4028 ι)
284 3957 364 4015 Thuo.
383 3958 397 4014 1
416 3959 458 4028 id,
479 3961 503 4016 l.

243 4047 268 4112 ο)
285 4065 311 4118 p.
329 4046 373 4118 26,
392 4048 457 4118 9le
475 4047 509 4104 Κ.
528 4047 572 4104 W.

247 4135 782 4218 tmuc.1‚e1,³:tro.mtp.2o,
804 4140 850 4200 10.

245 4225 268 4296 ⁸)
286 4225 351 4284 Hdt.
370 4225 438 4286 VIII
457 4228 482 4284 3.

244 4314 363 4386 'lThuc
383 4315 396 4370 l
414 4316 458 4374 96.
