3144 4826
130 487 178 552 deul
199 487 233 552 sb
254 485 377 567 νομίζοιο
398 492 521 570 βασιλέα
544 491 652 568 μᾶλλον
675 495 787 562 lauccio
802 485 1048 569 συμπολεμήσειν,
1073 485 1125 551 ἐὰν
1146 487 1181 552 δι’
1199 488 1297 570 ὀλίγον

130 595 307 678 ποιήσωνται
328 595 379 677 τὴν
402 600 556 666 πολιτείαν.

218 705 283 772 Sed
307 711 417 771 tumen
440 723 479 773 oa
503 723 586 786 quae
609 706 650 772 de
674 704 744 786 ipso
779 721 889 770 rerum
912 707 1001 770 statu
1037 719 1153 770 everso
1177 701 1296 784 attulit,

129 811 260 878 aliunde
283 829 411 879 sumere
434 811 563 878 maluit:
587 811 670 878 adiit
692 812 765 893 ipsa
779 809 982 894 populiscitu,
1007 815 1043 875 ut
1060 808 1163 892 primo
1180 808 1295 875 obtutu

130 917 278 1001 colligis,
318 919 467 1001 neglecta
501 917 702 1002 Thucydidis
742 915 974 998 descriptione3
1019 934 1114 997 quam
1153 914 1182 980 si
1225 933 1297 981 enm

131 1023 394 1108 populiscitornm
417 1043 542 1094 summa
565 1043 812 1108 comparamus,
843 1041 915 1090 eum
950 1031 1043 1090 recte
1078 1021 1197 1090 iecisse
1221 1039 1294 1088 eon-

17 1129 18 1172 l
129 1133 289 1198 cedemus.
326 1131 534 1215 Thucydides
557 1131 642 1200 enim
667 1131 760 1198 exsul
783 1133 825 1198 de
848 1131 899 1198 bis
921 1132 1019 1198 rebus
1043 1129 1165 1196 certior
1188 1127 1296 1195 factus

17 1325 18 1328 Ἴ
130 1249 181 1306 est
204 1240 245 1305 ab
269 1247 415 1324 auctore,
454 1239 509 1321 qui
543 1239 576 1306 in
611 1238 766 1306 memoria
795 1256 911 1320 parum
945 1239 1057 1304 tenaci
1080 1254 1120 1303 ex
1144 1238 1239 1304 vario
1262 1241 1297 1301 et

130 1351 279 1412 contorta
302 1365 411 1414 rernm
434 1346 686 1414 commutatione
718 1345 819 1412 multa
853 1345 972 1412 oblitus
996 1353 1048 1412 est
1057 1343 1088 1431 ¹),
1124 1343 1190 1410 alia
1223 1361 1297 1408 con-

129 1449 214 1518 indit
223 1451 260 1536 ²),
277 1470 496 1534 nonnumqum
514 1472 534 1518 a
550 1471 630 1523 vero
647 1451 861 1538 aberravit⁸);
886 1469 1079 1533 quamquam
1103 1467 1176 1516 eum
1199 1450 1297 1516 rebus

128 1556 206 1640 ipsis
221 1557 410 1628 interfuisse
426 1577 467 1628 ex
482 1559 594 1628 multis
610 1558 776 1642 colligitur
787 1557 934 1626 indiciis:
951 1563 1105 1626 accurate
1120 1555 1293 1639 significat,

129 1683 190 1746 qno
214 1663 284 1732 loco
308 1666 476 1734 contiones
498 1665 633 1734 habitae
657 1667 767 1750 uinco,
799 1667 867 1734 late
891 1665 1040 1748 depingit
1063 1669 1239 1732 commotos
1263 1671 1297 1728 et

130 1773 338 1854 perturbatos
361 1773 482 1840 civium
515 1774 642 1841 animos
677 1783 775 1855 atque
798 1775 928 1840 omnino
964 1775 995 1838 ei
1018 1770 1123 1852 magis
1146 1769 1294 1852 contigit,

129 1889 164 1944 ut
186 1897 238 1946 res
263 1879 364 1946 oculis
388 1880 616 1963 percipiendas
632 1881 804 1963 perspicue
826 1879 1005 1946 minoraret
1032 1895 1128 1958 qnam
1157 1885 1193 1942 nt
1215 1877 1297 1942 inte-

128 1985 228 2054 riores
252 1985 301 2052 rei
324 1987 475 2069 publicae
499 1992 770 2056 commutationes
794 1993 948 2054 accurate
972 1984 1184 2052 describeret.
1224 1981 1295 2066 Quo

128 2091 249 2160 laetum
274 2105 334 2178 est,
359 2101 396 2160 ut
418 2095 615 2164 Aristoteles
638 2095 673 2160 id
696 2095 802 2178 ipsum
826 2094 912 2176 qnod
940 2092 995 2160 ille
1030 2090 1175 2174 neglexit
1211 2090 1298 2157 desi·

129 2201 247 2266 derans
270 2199 314 2267 ad
350 2203 534 2268 tabularum
571 2209 695 2270 textum
732 2221 767 2270 se
803 2201 969 2286 applicare
1005 2200 1166 2280 maluerit,
1207 2197 1297 2263 cuius

128 2307 277 2374 notitiam
291 2309 376 2374 uude
389 2309 564 2392 sumpsisse
580 2310 733 2378 videatur
749 2317 897 2376 nostrum
914 2315 965 2374 est
980 2306 1163 2388 exquirere,
1188 2307 1297 2386 Atque

128 2413 155 2478 si
178 2414 280 2482 verbe
304 2433 387 2495 quae
410 2434 503 2498 capp.
528 2413 581 2500 29,
606 2416 659 2500 30,
684 2415 725 2482 31
752 2415 961 2482 continentur
982 2413 1215 2496 examinamus,
1239 2412 1296 2478 ad·

129 2519 319 2587 mirabimur
342 2522 548 2605 conspicuam
573 2523 777 2606 diligentiam
802 2533 836 2590 et
858 2521 1065 2604 industrium,
1102 2520 1297 2602 quaomnia

132 2627 270 2696 collecta
292 2627 484 2696 invenimus.
531 2631 601 2696 Non
626 2633 729 2698 solum
755 2651 794 2696 ea
818 2631 983 2712 exscripta
1006 2637 1139 2696 exstant
1163 2628 1299 2696 decreta

130 2753 211 2812 onae
236 2735 277 2800 de
313 2737 623 2820 quadringentorum
656 2737 890 2804 constitutione
926 2739 1030 2816 deque
1064 2739 1136 2802 eins
1170 2735 1297 2817 origine

129 2860 187 2907 nos
211 2839 340 2912 iaciunt
375 2847 542 2928 certiores,
583 2846 639 2910 sed
675 2844 774 2912 etiam
810 2863 850 2910 ea
885 2862 968 2925 quae
1002 2844 1035 2910 in
1060 2861 1170 2910 rernm
1200 2859 1298 2908 cursu

131 2949 261 3015 omniuo
285 2950 406 3017 nullius
429 2950 565 3020 luerunt
588 2951 753 3034 momenti,
789 2971 860 3018 cnm
896 2959 1031 3036 propter
1055 2957 1298 3032 praematuram

130 3055 442 3138 quadringentorum
468 3058 611 3127 virorum
644 3056 771 3125 ruinam
807 3057 929 3126 litteris
964 3058 1188 3126 tantummodo
1224 3075 1297 3124 con·

129 3163 254 3244 scripta
276 3180 449 3245 numquam
473 3165 517 3231 ad
541 3163 690 3234 ellectum
715 3165 874 3248 perducta
897 3169 965 3234 sint
989 3165 1029 3250 (c.
1045 3163 1168 3252 XXX).

218 3287 310 3372 Quod
342 3291 505 3356 diversum
538 3289 667 3358 videtur
698 3310 718 3356 a
749 3308 837 3356 more
868 3287 1068 3370 Aristotelis,
1098 3289 1152 3371 qni
1184 3290 1294 3376 potius

131 3393 225 3460 nimis
249 3413 367 3477 parcos
391 3414 487 3478 quam
505 3398 653 3481 copiosus
677 3397 761 3464 solet
793 3415 875 3464 esse.
922 3397 1059 3464 Accedit
1075 3399 1160 3478 quod
1176 3401 1297 3466 instru-

129 3513 308 3568 mentorum
332 3505 435 3569 verba
459 3519 530 3569 cum
555 3503 826 3570 antecedentibus
850 3503 1075 3586 neglegentius
1110 3513 1187 3572 sunt
1222 3524 1296 3572 con·

130 3625 232 3674 nexa:
264 3627 337 3674 ditm
362 3611 416 3689 qui
441 3607 490 3676 illi
515 3607 757 3696 προϋπάρχοντες
779 3615 848 3672 δέκα
874 3609 1068 3694 πρόβουλοιῧ)
1096 3609 1220 3680 fuerint
1240 3619 1298 3680 aut

129 3733 269 3796 quonum
294 3715 430 3782 consilio
466 3717 568 3783 creati
592 3717 668 3798 sint,
700 3725 799 3784 antea
826 3734 984 3798 nusquam
1017 3726 1296 3786 commemoretur.

130 3822 203 3906 Qua
237 3843 273 3888 re
308 3823 510 3906 adducimur,
551 3833 587 3890 ut
613 3825 816 3907 suspicemur
850 3842 914 3890 non
948 3823 1051 3906 ipsum
1085 3823 1254 3892 Aristotel«
1269 3845 1297 3892 m

220 4003 239 4070 ¹)
258 4001 315 4058 ‘Au
334 4001 394 4058 πολ.
413 4005 455 4062 83.
476 4003 511 4062 23
529 4017 603 4072 sqq.;
622 3999 664 4064 33,
684 4003 765 4072 28p93
784 4003 826 4062 35,
846 4001 960 4060 21-23.

220 4091 240 4150 ’l
259 4091 338 4146 Thoe.
359 4091 433 4150 vni.
453 4093 497 4152 oi.
519 4097 547 4148 1:
567 4093 622 4150 sed.
641 4093 674 4148 cl.
693 4089 748 4146 Ἀθ.
763 4091 822 4148 πολ.
842 4107 866 4160 p.
886 4091 929 4154 32,
951 4093 1021 4160 lese.

220 4181 239 4243 'l
259 4180 333 4238 velut
350 4181 411 4238 Tuo.
432 4183 502 4240 VIII
520 4181 562 4242 dt.
582 4183 658 4236 &sed
676 4183 709 4236 el.
728 4181 785 4238 Ἀθ.
804 4179 863 4238 πολ.
882 4197 906 4250 p.
927 4181 969 4242 35,
991 4181 1102 4238 11-13.

220 4273 241 4330 ‘l
262 4271 336 4326 volut
354 4271 434 4328 Thus.
455 4271 528 4328 vill.
548 4273 590 4332 di,
610 4273 640 4328 2:
660 4269 816 4344 ξννέαλῃοσν
837 4271 882 4338 τὴν
902 4269 1039 4338 ιἰιαλησίιιν
1058 4269 1082 4326 e'e
1102 4271 1145 4322 τὶν
1164 4265 1298 4328 doloris.

222 4359 242 4418 ‘l
261 4361 286 4416 d.
306 4361 349 4430 32,
371 4363 404 4418 18
424 4361 456 4416 lt.
477 4361 519 4418 W.
