3144 4826
750 333 961 437 ...λλ-

268 529 342 611 μετά
364 541 457 594 ταῦτα
485 528 703 613 ἐτυραννεύοντο
728 530 880 612 Ἀθηναῖοι
914 534 956 593 ἐπ’
994 530 1060 595 ἔτεα
1087 535 1211 614 τίσσερα
1235 532 1316 595 ον’·δδν
1346 530 1436 613 ἧσσον

271 635 344 702 ἀλλὰ
360 642 409 701 καὶ
425 640 536 718 μαλλον
552 637 569 720 ἢ
584 636 641 722 πρὸ
656 649 716 712 τοο,
732 639 785 705 hic
802 640 1012 706 consentiens
1028 659 1068 706 ac
1082 640 1236 708 nonnulla
1263 641 1384 707 addens
1396 641 1434 727 ¹):

269 759 328 818 τοῖς
351 745 377 809 δ
396 746 562 826 Ἀθηναίοις
584 747 771 829 χαλεπωτέρα
794 744 867 825 μετά
889 757 973 810 τοῦτο
998 747 1014 826 ἡ
1036 751 1166 829 τυραννίς
1196 750 1325 826 κατίστη,
1350 750 1397 808 καὶ
1418 753 1434 808 δ

268 857 386 926 Ἱππίας
401 852 450 916 διά
466 850 558 935 φόβον
582 851 634 934 ἢδη
656 855 765 932 μᾶλλον
787 851 824 917 ὢν
845 863 901 917 τῶν
923 877 954 916 τε
977 855 1098 917 πολιτῶν
1121 853 1243 926 πολλαὶς
1265 833 1366 916 ἔκτεινε
1390 856 1435 914 καὶ

277 957 351 1044 πρὶς
372 959 409 1023 τά
433 958 488 1036 ἔξω
512 958 573 1039 άμα
598 966 787 1045 διεσκοπεδτο,
816 961 848 1023 εἴ
867 969 962 1024 ποθεν
985 960 1149 1042 ἀσφάλειάν
1172 983 1236 1024 τινα
1259 961 1334 1042 δρῴη
1356 983 1436 1039 μετα-

269 1070 358 1149 βολῆς
380 1071 529 1150 γενομένης
563 1063 750 1149 ὑπάρχουσάν
784 1073 820 1135 οι’.
864 1065 1021 1130 Ἱππόκλου
1055 1077 1120 1149 γοῦν
1154 1079 1205 1130 τοῦ
1236 1073 1439 1149 Λαμψακηνοῦ

272 1171 411 1252 τυράννου
443 1174 589 1254 Λίαντίδη
623 1185 663 1254 τῷ
693 1178 775 1237 παιδί
805 1179 954 1258 θυγατέρα
991 1181 1115 1241 ἑαυτοῦ.
1134 1228 1140 1242 .
1159 1223 1165 1236 .
1182 1174 1295 1244 ἔδωκεν.
1355 1175 1440 1258 Quos

277 1286 409 1349 secutus
424 1279 622 1348 Aristoteles
630 1279 672 1368 ²):
694 1279 768 1358 μετά
791 1283 822 1344 ni
844 1292 937 1344 ταῦτα
965 1284 1129 1363 συνέβαινεν
1151 1285 1247 1362 πολλῷ
1266 1287 1442 1366 τραχυτέραν

278 1387 349 1452 εἶναι
370 1387 421 1468 τὴν
442 1393 596 1470 τυραννίδα
612 1392 660 1450 καί
677 1386 732 1470 γάρ
747 1387 796 1451 διά
818 1387 852 1452 τὸ
870 1440 876 1454 .
896 1438 903 1457 .
921 1387 1067 1462 ,πολλοὺς
1089 1389 1260 1471 άνηρηκέναι
1276 1443 1283 1456 .
1300 1439 1307 1456 .
1327 1440 1334 1455 .
1352 1400 1442 1450 πᾶσιν

274 1492 307 1616 {f
330 1492 454 1568 ἄπιστοι
476 1499 525 1558 καὶ
548 1495 686 1576 πικρός
713 1495 845 1580 scripsit
877 1495 1018 1565 fortasse
1040 1497 1197 1564 memoria
1219 1503 1336 1565 tenens
1359 1497 1443 1562 haec

283 1620 409 1686 quoque
431 1603 594 1670 Herodoti
617 1603 767 1691 Verba⁸)÷
789 1608 895 1668 Ἱππίω
920 1604 1137 1686 τυραννεύοντος
1163 1609 1213 1667 καὶ
1242 1612 1443 1686 δμπικραι·
1548 1592 1549 1616 ’

274 1716 361 1791 νομί
367 1734 425 1774 νου
454 1710 638 1792 Ἀθηναίοισι
666 1709 714 1774 διά
737 1710 787 1775 τὸν
807 1712 969 1796 Ἱππάρχου
991 1713 1131 1780 θάνατον.
1168 1714 1234 1782 Sed
1258 1719 1293 1780 et
1315 1712 1387 1795 ipsc
1411 1710 1444 1775 id

275 1817 413 1904 studuit,
428 1823 465 1885 nt
479 1836 587 1885 rerum
605 1817 741 1903 imagini
756 1818 918 1888 insereret
933 1821 1100 1906 nonnulla,
1114 1827 1152 1890 nt
1166 1839 1246 1888 vere
1262 1819 1444 1904 proximum

275 1931 334 2013 est,
351 1944 392 1992 ex
409 1924 602 1993 Atthidibns
625 1931 770 2010 sumpta:
794 1927 899 1997 refert
922 1929 1040 1997 multos
1063 1929 1173 2013 patria
1197 1927 1348 2011 expulsos
1372 1941 1445 1991 esse
1549 2003 1550 2006 ρ

276 2040 310 2100 et
332 2032 487 2117 Hippiam
510 2041 618 2101 rerum
643 2035 927 2104 commutationem
952 2037 1094 2105 veritum
1118 2035 1318 2104 Munichiam
1341 2039 1379 2103 nt
1401 2030 1447 2098 ibi

276 2142 416 2209 haberet
449 2139 611 2225 refugium
646 2142 747 2211 muris
781 2143 969 2212 munivisse.
1024 2144 1095 2227 Qua
1128 2143 1162 2209 in
1196 2159 1233 2208 re
1267 2159 1373 2223 aeque
1408 2157 1447 2204 ac

277 2249 411 2334 supra4)
442 2248 738 2317 animadvertimus
760 2249 973 2317 Aristotelem
1004 2249 1227 2317 narrationem
1259 2248 1299 2315 de
1322 2244 1448 2330 Hippia

279 2355 446 2423 affinitate
469 2355 532 2424 sibi
554 2355 718 2440 refugium
742 2361 972 2441 praeparante,
998 2376 1093 2440 quam
1118 2355 1329 2440 Thucydides
1352 2370 1445 2437 prae-

277 2461 348 2530 buit
356 2462 391 2551 5),
415 2461 602 2547 neglexisse
615 2467 649 2530 et
665 2463 765 2530 aliam
781 2462 896 2531 similis
912 2463 1099 2549 argumenti
1113 2464 1263 2547 proferre
1279 2461 1445 2529 maluisse.

367 2571 406 2636 In
429 2572 639 2652 sequentihus
663 2590 792 2654 queque
815 2591 887 2640 eum
911 2573 1067 2641 nonnulla
1090 2591 1132 2640 ax
1147 2570 1322 2639 Atthidum
1345 2565 1445 2650 scrip·

278 2675 404 2745 toribus
439 2676 631 2760 deprompta
665 2678 829 2747 addidisse
865 2679 1076 2763 censebimus,
1112 2695 1306 2760 quamquam
1341 2676 1375 2743 in
1411 2690 1448 2739 re

280 2803 402 2852 summa
438 2801 538 2866 prope
571 2784 612 2850 ad
635 2783 836 2853 Herodotum
859 2804 894 2853 se
919 2783 1108 2868 applicavit.
1156 2783 1329 2865 Campanas
1361 2779 1446 2849 enim

279 2891 381 2962 verba
403 2889 490 2973 ipsa:

381 2997 455 3064 ma.
478 2998 552 3062 ιιι.
577 3016 607 3078 p.
631 2994 683 3071 20,
708 2997 738 3065 9.
864 2983 868 3086 i
1063 2998 1142 3067 Hac.
1168 2999 1206 3072 v,
1230 2994 1273 3064 62

282 3105 413 3180 ἐξέπεσεν
446 3103 527 3191 (scil.
569 3107 585 3168 ὁ
616 3107 749 3193 Ἱππίας)
785 3104 840 3168 ὑπὸ

282 3213 464 3291 Κλεομένους
508 3222 560 3275 τοῦ
601 3217 841 3293 Λακεδαιμονίω

281 3320 432 3402 βασιλέως,
464 3329 597 3402 χρησμῶν
620 3323 772 3401 γινομένων
794 3320 841 3383 άελ

283 3438 342 3498 τοῖς
358 3424 481 3488 Λάκωσι
504 3424 656 3490 καταλύειν
675 3424 724 3507 τὴν
739 3449 841 3509 τυραν-

285 3536 348 3596 νίδα
360 3530 409 3606 διά
421 3532 528 3596 τοιάνδ’
545 3537 650 3600 αἰτίαν.
667 3539 696 3596 οἱ
707 3530 840 3618 φυγάδες,
887 3532 1091 3613 Ἀλκμεωνίδαι
1104 3538 1183 3618 γένος
1195 3533 1289 3607 ἐόντες
1298 3532 1332 3596 ’Λ
1336 3536 1450 3608 puppim

284 3636 322 3704 ὧν
337 3646 365 3704 οἱ
382 3639 588 3720 Ἀλκμεωνίδαι
607 3637 843 3722 προειστήκεσαν,
894 3643 942 3702 καὶ
993 3640 1144 3725 φεύγοντες
1193 3637 1449 3721 Πεισιστρατίδας,

688 3748 769 3810 αὐτοὶ
792 3749 844 3827 μδν
893 3753 985 3811 ἐπείτε
1020 3771 1089 3830 σφιν
1127 3747 1188 3829 ἅμα
1225 3760 1285 3820 τοῖς
1323 3740 1453 3807 ἄλλοισίν

286 3858 418 3917 δίαὺτῶν
431 3855 483 3916 οὐκ
504 3854 642 3935 ἠδύναντο
658 3851 843 3935 ποιήσασθαι
889 3855 1054 3937 Ἀθηναίων
1100 3856 1206 3939 φυγάσι
1251 3851 1452 3934 πειρωμένοισι

376 4050 396 4120 ¹)
415 4050 495 4106 nnuc.
515 4049 554 4108 vr
573 4051 615 4120 cu,
634 4052 659 4108 ο.

377 4138 652 4210 hpffldhw

378 4227 481 4299 ⁸)Htit.
501 4225 523 4280 V
542 4227 584 4284 62.

376 4328 400 4396 ⁴)
419 4343 499 4397 supra
516 4331 543 4385 P·
562 4315 604 4373 10·

378 4416 401 4488 ⁶)
420 4417 501 4478 verba
518 4405 677 4476 Thucydidis
695 4425 774 4490 snpra
792 4413 992 4484 exscripsimus.
