<?xml version="1.0" encoding="UTF-8"?>
<!DOCTYPE html PUBLIC "-//W3C//DTD XHTML 1.0 Transitional//EN"
    "http://www.w3.org/TR/xhtml1/DTD/xhtml1-transitional.dtd">
<html xmlns="http://www.w3.org/1999/xhtml" xml:lang="en" lang="en">
 <head>
  <title>
</title>
<meta http-equiv="Content-Type" content="text/html;charset=utf-8" />
  <meta name='ocr-system' content='tesseract 3.04.00' />
  <meta name='ocr-capabilities' content='ocr_page ocr_carea ocr_par ocr_line ocrx_word'/>
</head>
<body>
  <div class='ocr_page' id='page_1' title='image "./quibusauctoribu00hellgoog_0051.png"; bbox 0 0 3144 4826; ppageno 0'>
   <div class='ocr_carea' id='block_1_1' title="bbox 730 323 941 428">
    <p class='ocr_par' dir='ltr' id='par_1_1' title="bbox 730 323 941 428">
     <span class='ocr_line' id='line_1_1' title="bbox 730 323 941 428; baseline 0 0"><span class='ocrx_word' id='word_1_1' title='bbox 730 323 941 428; x_wconf 59' lang='lat' dir='ltr'><strong>...ii-</strong></span> 
     </span>
    </p>
   </div>
   <div class='ocr_carea' id='block_1_2' title="bbox 245 518 1421 1991">
    <p class='ocr_par' dir='ltr' id='par_1_2' title="bbox 245 518 1421 908">
     <span class='ocr_line' id='line_1_2' title="bbox 245 518 1421 604; baseline -0.001 -22"><span class='ocrx_word' id='word_1_2' title='bbox 245 531 301 584; x_wconf 79' lang='grc' dir='ltr'><strong><em>τοῗν</em></strong></span> <span class='ocrx_word' id='word_1_3' title='bbox 335 521 490 603; x_wconf 77' lang='grc' dir='ltr'><strong><em>τριάκοντα</em></strong></span> <span class='ocrx_word' id='word_1_4' title='bbox 521 521 661 601; x_wconf 71' lang='grc' dir='ltr'><strong><em>Ἀθήνησι</em></strong></span> <span class='ocrx_word' id='word_1_5' title='bbox 695 525 953 604; x_wconf 82' lang='grc' dir='ltr'><strong><em>χειροτονηθέντων</em></strong></span> <span class='ocrx_word' id='word_1_6' title='bbox 983 522 1092 601; x_wconf 73' lang='grc' dir='ltr'><strong><em>ἀνδρῶν</em></strong></span> <span class='ocrx_word' id='word_1_7' title='bbox 1115 524 1184 582; x_wconf 71' lang='grc' dir='ltr'><strong><em>δέκα</em></strong></span> <span class='ocrx_word' id='word_1_8' title='bbox 1208 524 1256 581; x_wconf 83' lang='grc' dir='ltr'><strong>καὶ</strong></span> <span class='ocrx_word' id='word_1_9' title='bbox 1279 531 1334 583; x_wconf 75' lang='grc' dir='ltr'><strong><em>τῶν</em></strong></span> <span class='ocrx_word' id='word_1_10' title='bbox 1357 518 1421 599; x_wconf 80' lang='grc' dir='ltr'><strong><em>ἑξῆς</em></strong></span> 
     </span>
     <span class='ocr_line' id='line_1_3' title="bbox 247 625 1421 713; baseline 0.002 -23"><span class='ocrx_word' id='word_1_11' title='bbox 247 628 355 708; x_wconf 66' lang='lat' dir='ltr'><strong>eappan</strong></span> <span class='ocrx_word' id='word_1_12' title='bbox 373 629 545 710; x_wconf 70' lang='grc' dir='ltr'><strong><em>Ἀνδροτίων</em></strong></span> <span class='ocrx_word' id='word_1_13' title='bbox 576 633 605 688; x_wconf 72' lang='grc' dir='ltr'><strong><em>ἐν</em></strong></span> <span class='ocrx_word' id='word_1_14' title='bbox 634 639 669 706; x_wconf 78' lang='grc' dir='ltr'><strong>τη</strong></span> <span class='ocrx_word' id='word_1_15' title='bbox 700 629 821 713; x_wconf 68' lang='lat' dir='ltr'><strong>aphni).</strong></span> <span class='ocrx_word' id='word_1_16' title='bbox 868 627 958 712; x_wconf 82' lang='lat' dir='ltr'>Quae</span> <span class='ocrx_word' id='word_1_17' title='bbox 983 625 1173 694; x_wconf 88' lang='lat' dir='ltr'><strong>testimonia</strong></span> <span class='ocrx_word' id='word_1_18' title='bbox 1197 627 1356 710; x_wconf 83' lang='lat' dir='ltr'>complexi</span> <span class='ocrx_word' id='word_1_19' title='bbox 1379 644 1421 693; x_wconf 92' lang='lat' dir='ltr'><strong>ne</strong></span> 
     </span>
     <span class='ocr_line' id='line_1_4' title="bbox 247 733 1420 802; baseline -0.002 -1"><span class='ocrx_word' id='word_1_20' title='bbox 247 734 439 802; x_wconf 79' lang='lat' dir='ltr'><strong>audaciores</strong></span> <span class='ocrx_word' id='word_1_21' title='bbox 475 735 656 801; x_wconf 82' lang='lat' dir='ltr'><strong>habeamur</strong></span> <span class='ocrx_word' id='word_1_22' title='bbox 698 753 762 802; x_wconf 89' lang='lat' dir='ltr'><strong>non</strong></span> <span class='ocrx_word' id='word_1_23' title='bbox 798 734 951 802; x_wconf 88' lang='lat' dir='ltr'><strong>timentes</strong></span> <span class='ocrx_word' id='word_1_24' title='bbox 990 741 1174 800; x_wconf 79' lang='lat' dir='ltr'><strong>statuamus</strong></span> <span class='ocrx_word' id='word_1_25' title='bbox 1210 733 1420 800; x_wconf 84' lang='lat' dir='ltr'><strong>Aristotelem</strong></span> 
     </span>
     <span class='ocr_line' id='line_1_5' title="bbox 247 839 1231 908; baseline -0.001 -2"><span class='ocrx_word' id='word_1_26' title='bbox 247 843 381 907; x_wconf 88' lang='lat' dir='ltr'><strong>decreta</strong></span> <span class='ocrx_word' id='word_1_27' title='bbox 404 840 461 906; x_wconf 87' lang='lat' dir='ltr'><strong>illa</strong></span> <span class='ocrx_word' id='word_1_28' title='bbox 484 859 524 907; x_wconf 83' lang='lat' dir='ltr'><strong>ex</strong></span> <span class='ocrx_word' id='word_1_29' title='bbox 548 840 759 906; x_wconf 88' lang='lat' dir='ltr'><strong>Androtionis</strong></span> <span class='ocrx_word' id='word_1_30' title='bbox 783 839 922 908; x_wconf 82' lang='lat' dir='ltr'><strong>Atthide</strong></span> <span class='ocrx_word' id='word_1_31' title='bbox 946 858 1019 906; x_wconf 87' lang='lat' dir='ltr'><strong>esse</strong></span> <span class='ocrx_word' id='word_1_32' title='bbox 1042 848 1231 906; x_wconf 87' lang='lat' dir='ltr'><strong>mutuatum.</strong></span> 
     </span>
    </p>

    <p class='ocr_par' dir='ltr' id='par_1_3' title="bbox 247 945 1421 1991">
     <span class='ocr_line' id='line_1_6' title="bbox 336 945 1421 1029; baseline 0.001 -17"><span class='ocrx_word' id='word_1_33' title='bbox 336 947 388 1013; x_wconf 82' lang='lat' dir='ltr'><strong>Ex</strong></span> <span class='ocrx_word' id='word_1_34' title='bbox 410 947 472 1014; x_wconf 90' lang='lat' dir='ltr'><strong>hoc</strong></span> <span class='ocrx_word' id='word_1_35' title='bbox 489 945 717 1029; x_wconf 77' lang='lat' dir='ltr'><strong>disputationis</strong></span> <span class='ocrx_word' id='word_1_36' title='bbox 741 953 861 1016; x_wconf 87' lang='lat' dir='ltr'><strong>eventu</strong></span> <span class='ocrx_word' id='word_1_37' title='bbox 885 949 958 1016; x_wconf 84' lang='lat' dir='ltr'><strong>veri</strong></span> <span class='ocrx_word' id='word_1_38' title='bbox 982 945 1087 1012; x_wconf 88' lang='lat' dir='ltr'><strong>simile</strong></span> <span class='ocrx_word' id='word_1_39' title='bbox 1110 946 1148 1012; x_wconf 90' lang='grc'><strong>111</strong></span> <span class='ocrx_word' id='word_1_40' title='bbox 1171 946 1270 1013; x_wconf 91' lang='lat' dir='ltr'><strong>etiam</strong></span> <span class='ocrx_word' id='word_1_41' title='bbox 1294 945 1421 1029; x_wconf 81' lang='lat' dir='ltr'><strong>reliqua</strong></span> 
     </span>
     <span class='ocr_line' id='line_1_7' title="bbox 248 1052 1421 1137; baseline -0.001 -16"><span class='ocrx_word' id='word_1_42' title='bbox 248 1073 289 1121; x_wconf 86' lang='lat' dir='ltr'><strong>ex</strong></span> <span class='ocrx_word' id='word_1_43' title='bbox 319 1055 512 1122; x_wconf 86' lang='lat' dir='ltr'><strong>Atthidibus</strong></span> <span class='ocrx_word' id='word_1_44' title='bbox 546 1052 680 1120; x_wconf 85' lang='lat' dir='ltr'><strong>duxisse</strong></span> <span class='ocrx_word' id='word_1_45' title='bbox 716 1074 800 1136; x_wconf 90' lang='lat' dir='ltr'><strong>quae</strong></span> <span class='ocrx_word' id='word_1_46' title='bbox 834 1053 867 1120; x_wconf 93' lang='lat' dir='ltr'><strong>iu</strong></span> <span class='ocrx_word' id='word_1_47' title='bbox 903 1053 1106 1137; x_wconf 82' lang='lat' dir='ltr'><strong>expositione</strong></span> <span class='ocrx_word' id='word_1_48' title='bbox 1139 1053 1234 1120; x_wconf 89' lang='lat' dir='ltr'><strong>huius</strong></span> <span class='ocrx_word' id='word_1_49' title='bbox 1264 1054 1421 1137; x_wconf 87' lang='lat' dir='ltr'><strong>temporis</strong></span> 
     </span>
     <span class='ocr_line' id='line_1_8' title="bbox 248 1160 1421 1246; baseline -0.001 -18"><span class='ocrx_word' id='word_1_50' title='bbox 248 1161 346 1246; x_wconf 90' lang='lat' dir='ltr'><strong>spatii</strong></span> <span class='ocrx_word' id='word_1_51' title='bbox 369 1168 504 1244; x_wconf 88' lang='lat' dir='ltr'><strong>praeter</strong></span> <span class='ocrx_word' id='word_1_52' title='bbox 528 1161 732 1244; x_wconf 78' lang='lat' dir='ltr'><strong>Thucydidis</strong></span> <span class='ocrx_word' id='word_1_53' title='bbox 764 1169 798 1228; x_wconf 88' lang='lat' dir='ltr'><strong>et</strong></span> <span class='ocrx_word' id='word_1_54' title='bbox 822 1161 1052 1244; x_wconf 85' lang='lat' dir='ltr'><strong>Xenophontis</strong></span> <span class='ocrx_word' id='word_1_55' title='bbox 1075 1160 1311 1243; x_wconf 84' lang='lat' dir='ltr'><strong>descriptiones</strong></span> <span class='ocrx_word' id='word_1_56' title='bbox 1334 1163 1421 1244; x_wconf 87' lang='lat' dir='ltr'><strong>apud</strong></span> 
     </span>
     <span class='ocr_line' id='line_1_9' title="bbox 247 1267 1420 1351; baseline 0.001 -18"><span class='ocrx_word' id='word_1_57' title='bbox 247 1269 457 1336; x_wconf 84' lang='lat' dir='ltr'><strong>Aristotelem</strong></span> <span class='ocrx_word' id='word_1_58' title='bbox 487 1267 643 1351; x_wconf 84' lang='lat' dir='ltr'><strong>legimus:</strong></span> <span class='ocrx_word' id='word_1_59' title='bbox 674 1287 749 1334; x_wconf 91' lang='lat' dir='ltr'><strong>uam</strong></span> <span class='ocrx_word' id='word_1_60' title='bbox 782 1270 839 1335; x_wconf 89' lang='lat' dir='ltr'><strong>hos</strong></span> <span class='ocrx_word' id='word_1_61' title='bbox 863 1270 944 1335; x_wconf 89' lang='lat' dir='ltr'><strong>duos</strong></span> <span class='ocrx_word' id='word_1_62' title='bbox 968 1268 1144 1350; x_wconf 86' lang='lat' dir='ltr'><strong>scriptores</strong></span> <span class='ocrx_word' id='word_1_63' title='bbox 1169 1286 1242 1334; x_wconf 90' lang='lat' dir='ltr'><strong>eum</strong></span> <span class='ocrx_word' id='word_1_64' title='bbox 1265 1267 1420 1334; x_wconf 87' lang='lat' dir='ltr'><strong>hahuisse</strong></span> 
     </span>
     <span class='ocr_line' id='line_1_10' title="bbox 249 1374 1420 1459; baseline -0.001 -18"><span class='ocrx_word' id='word_1_65' title='bbox 249 1385 401 1442; x_wconf 86' lang='lat' dir='ltr'><strong>auctores</strong></span> <span class='ocrx_word' id='word_1_66' title='bbox 443 1380 477 1442; x_wconf 93' lang='lat' dir='ltr'><strong>et</strong></span> <span class='ocrx_word' id='word_1_67' title='bbox 524 1383 625 1442; x_wconf 86' lang='lat' dir='ltr'><strong>autea</strong></span> <span class='ocrx_word' id='word_1_68' title='bbox 662 1374 843 1459; x_wconf 85' lang='lat' dir='ltr'><strong>tetigimus.</strong></span> <span class='ocrx_word' id='word_1_69' title='bbox 870 1382 904 1442; x_wconf 89' lang='grc'><strong>11</strong></span> <span class='ocrx_word' id='word_1_70' title='bbox 941 1377 1005 1441; x_wconf 89' lang='lat' dir='ltr'><strong>iam</strong></span> <span class='ocrx_word' id='word_1_71' title='bbox 1044 1375 1173 1458; x_wconf 88' lang='lat' dir='ltr'><strong>plenius</strong></span> <span class='ocrx_word' id='word_1_72' title='bbox 1211 1391 1420 1458; x_wconf 82' lang='lat' dir='ltr'><strong>exponemus.</strong></span> 
     </span>
     <span class='ocr_line' id='line_1_11' title="bbox 248 1481 1421 1566; baseline -0.002 -18"><span class='ocrx_word' id='word_1_73' title='bbox 248 1482 433 1564; x_wconf 86' lang='lat' dir='ltr'><strong>Sequuntur</strong></span> <span class='ocrx_word' id='word_1_74' title='bbox 479 1491 553 1565; x_wconf 89' lang='lat' dir='ltr'><strong>post</strong></span> <span class='ocrx_word' id='word_1_75' title='bbox 590 1483 777 1549; x_wconf 88' lang='lat' dir='ltr'><strong>tabularum</strong></span> <span class='ocrx_word' id='word_1_76' title='bbox 818 1481 1060 1550; x_wconf 88' lang='lat' dir='ltr'><strong>enarrationem</strong></span> <span class='ocrx_word' id='word_1_77' title='bbox 1099 1481 1131 1548; x_wconf 92' lang='lat' dir='ltr'><strong>iu</strong></span> <span class='ocrx_word' id='word_1_78' title='bbox 1172 1500 1242 1566; x_wconf 88' lang='lat' dir='ltr'><strong>cap.</strong></span> <span class='ocrx_word' id='word_1_79' title='bbox 1281 1481 1421 1548; x_wconf 88' lang='lat' dir='ltr'>XXXII</span> 
     </span>
     <span class='ocr_line' id='line_1_12' title="bbox 248 1587 1421 1676; baseline 0 -22"><span class='ocrx_word' id='word_1_80' title='bbox 248 1589 406 1656; x_wconf 89' lang='lat' dir='ltr'><strong>nonnulla</strong></span> <span class='ocrx_word' id='word_1_81' title='bbox 441 1588 623 1671; x_wconf 84' lang='lat' dir='ltr'><strong>singularia</strong></span> <span class='ocrx_word' id='word_1_82' title='bbox 658 1607 699 1656; x_wconf 84' lang='lat' dir='ltr'><strong>ex</strong></span> <span class='ocrx_word' id='word_1_83' title='bbox 723 1589 858 1656; x_wconf 85' lang='lat' dir='ltr'><strong>Atthide</strong></span> <span class='ocrx_word' id='word_1_84' title='bbox 893 1589 1043 1676; x_wconf 64' lang='lat' dir='ltr'><strong>petitai).</strong></span> <span class='ocrx_word' id='word_1_85' title='bbox 1089 1591 1154 1656; x_wconf 86' lang='lat' dir='ltr'><strong>Sed</strong></span> <span class='ocrx_word' id='word_1_86' title='bbox 1176 1588 1242 1654; x_wconf 91' lang='lat' dir='ltr'><strong>iam</strong></span> <span class='ocrx_word' id='word_1_87' title='bbox 1266 1587 1421 1671; x_wconf 85' lang='lat' dir='ltr'><strong>temporis</strong></span> 
     </span>
     <span class='ocr_line' id='line_1_13' title="bbox 248 1693 1421 1779; baseline -0.006 -16"><span class='ocrx_word' id='word_1_88' title='bbox 248 1695 466 1779; x_wconf 75' lang='lat' dir='ltr'><strong>computatio:</strong></span> <span class='ocrx_word' id='word_1_89' title='bbox 499 1693 591 1757; x_wconf 83' lang='grc' dir='ltr'><strong><em>ἔτεσιν</em></strong></span> <span class='ocrx_word' id='word_1_90' title='bbox 621 1697 645 1758; x_wconf 80' lang='lat' dir='ltr'><strong>d&#39;</strong></span> <span class='ocrx_word' id='word_1_91' title='bbox 679 1693 799 1777; x_wconf 68' lang='grc' dir='ltr'><strong><em>ὕστερον</em></strong></span> <span class='ocrx_word' id='word_1_92' title='bbox 832 1706 883 1772; x_wconf 72' lang='grc' dir='ltr'><strong>τῆς</strong></span> <span class='ocrx_word' id='word_1_93' title='bbox 911 1705 966 1759; x_wconf 82' lang='grc' dir='ltr'><strong><em>τῶν</em></strong></span> <span class='ocrx_word' id='word_1_94' title='bbox 988 1693 1133 1774; x_wconf 77' lang='grc' dir='ltr'><strong><em>τυράννων</em></strong></span> <span class='ocrx_word' id='word_1_95' title='bbox 1155 1697 1272 1777; x_wconf 76' lang='grc' dir='ltr'><strong><em>ἐκβολῆς</em></strong></span> <span class='ocrx_word' id='word_1_96' title='bbox 1294 1694 1421 1774; x_wconf 78' lang='grc' dir='ltr'><strong><em>μάλιστα</em></strong></span> 
     </span>
     <span class='ocr_line' id='line_1_14' title="bbox 249 1799 1421 1888; baseline -0.003 -22"><span class='ocrx_word' id='word_1_97' title='bbox 249 1804 350 1866; x_wconf 78' lang='grc' dir='ltr'><strong><em>ἑκατόν</em></strong></span> <span class='ocrx_word' id='word_1_98' title='bbox 383 1805 428 1870; x_wconf 86' lang='lat' dir='ltr'><strong>ad</strong></span> <span class='ocrx_word' id='word_1_99' title='bbox 462 1802 687 1886; x_wconf 76' lang='lat' dir='ltr'><strong>Thucydidem</strong></span> <span class='ocrx_word' id='word_1_100' title='bbox 727 1802 907 1888; x_wconf 70' lang='lat' dir='ltr'><strong>speutaI³):</strong></span> <span class='ocrx_word' id='word_1_101' title='bbox 944 1801 987 1863; x_wconf 79' lang='grc' dir='ltr'><strong>ἐπ’</strong></span> <span class='ocrx_word' id='word_1_102' title='bbox 1027 1799 1083 1864; x_wconf 84' lang='grc' dir='ltr'><strong><em>ἔτει</em></strong></span> <span class='ocrx_word' id='word_1_103' title='bbox 1117 1806 1265 1881; x_wconf 76' lang='grc' dir='ltr'><strong><em>ἑκατοστῷ</em></strong></span> <span class='ocrx_word' id='word_1_104' title='bbox 1293 1799 1421 1880; x_wconf 77' lang='grc' dir='ltr'><strong><em>μάλιστα</em></strong></span> 
     </span>
     <span class='ocr_line' id='line_1_15' title="bbox 249 1906 1420 1991; baseline 0.005 -21"><span class='ocrx_word' id='word_1_105' title='bbox 249 1907 348 1988; x_wconf 72' lang='grc' dir='ltr'><strong><em>ἐπειδὴ</em></strong></span> <span class='ocrx_word' id='word_1_106' title='bbox 370 1914 399 1972; x_wconf 81' lang='grc' dir='ltr'><strong>οἱ</strong></span> <span class='ocrx_word' id='word_1_107' title='bbox 419 1906 552 1990; x_wconf 75' lang='grc' dir='ltr'><strong><em>τύραννοι</em></strong></span> <span class='ocrx_word' id='word_1_108' title='bbox 576 1907 798 1988; x_wconf 65' lang='grc' dir='ltr'><strong>κατελύθησαν,</strong></span> <span class='ocrx_word' id='word_1_109' title='bbox 823 1914 856 1975; x_wconf 87' lang='grc'><strong>11</strong></span> <span class='ocrx_word' id='word_1_110' title='bbox 879 1909 965 1991; x_wconf 88' lang='lat' dir='ltr'><strong>quod</strong></span> <span class='ocrx_word' id='word_1_111' title='bbox 989 1908 1043 1975; x_wconf 91' lang='lat' dir='ltr'><strong>hic</strong></span> <span class='ocrx_word' id='word_1_112' title='bbox 1066 1909 1107 1975; x_wconf 89' lang='lat' dir='ltr'><strong>de</strong></span> <span class='ocrx_word' id='word_1_113' title='bbox 1130 1927 1239 1975; x_wconf 89' lang='lat' dir='ltr'><strong>rerum</strong></span> <span class='ocrx_word' id='word_1_114' title='bbox 1263 1928 1420 1977; x_wconf 88' lang='lat' dir='ltr'><strong>novarum</strong></span> 
     </span>
    </p>
   </div>
   <div class='ocr_carea' id='block_1_3' title="bbox 250 2014 1424 2845">
    <p class='ocr_par' dir='ltr' id='par_1_4' title="bbox 250 2014 1424 2845">
     <span class='ocr_line' id='line_1_16' title="bbox 250 2014 1299 2098; baseline -0.001 -17"><span class='ocrx_word' id='word_1_115' title='bbox 250 2016 438 2083; x_wconf 86' lang='lat' dir='ltr'><strong>auctoribus</strong></span> <span class='ocrx_word' id='word_1_116' title='bbox 461 2015 629 2094; x_wconf 85' lang='lat' dir='ltr'><strong>iudicavit,</strong></span> <span class='ocrx_word' id='word_1_117' title='bbox 654 2016 750 2098; x_wconf 87' lang='lat' dir='ltr'><strong>paulo</strong></span> <span class='ocrx_word' id='word_1_118' title='bbox 774 2016 908 2084; x_wconf 87' lang='lat' dir='ltr'><strong>brevius</strong></span> <span class='ocrx_word' id='word_1_119' title='bbox 931 2014 1128 2082; x_wconf 86' lang='lat' dir='ltr'><strong>Aristoteles</strong></span> <span class='ocrx_word' id='word_1_120' title='bbox 1151 2014 1299 2098; x_wconf 85' lang='lat' dir='ltr'><strong>repetiit:</strong></span> 
     </span>
     <span class='ocr_line' id='line_1_17' title="bbox 344 2106 1287 2212; baseline 0.006 -29"><span class='ocrx_word' id='word_1_121' title='bbox 344 2106 839 2212; x_wconf 50' lang='lat' dir='ltr'><strong>mmmmmp</strong></span> <span class='ocrx_word' id='word_1_122' title='bbox 1001 2120 1287 2195; x_wconf 64' lang='lat' dir='ltr'><strong>mmmm</strong></span> 
     </span>
     <span class='ocr_line' id='line_1_18' title="bbox 864 2225 1423 2312; baseline 0.004 -22"><span class='ocrx_word' id='word_1_123' title='bbox 864 2225 895 2309; x_wconf 82' lang='grc' dir='ltr'><strong><em>ἦν</em></strong></span> <span class='ocrx_word' id='word_1_124' title='bbox 925 2231 955 2291; x_wconf 76' lang='grc' dir='ltr'><strong>δὲ</strong></span> <span class='ocrx_word' id='word_1_125' title='bbox 979 2233 995 2292; x_wconf 85' lang='grc' dir='ltr'><em>ὃ</em></span> <span class='ocrx_word' id='word_1_126' title='bbox 1029 2231 1081 2308; x_wconf 80' lang='grc' dir='ltr'><strong><em>μὲν</em></strong></span> <span class='ocrx_word' id='word_1_127' title='bbox 1109 2228 1160 2309; x_wconf 74' lang='grc' dir='ltr'><strong><em>τἠν</em></strong></span> <span class='ocrx_word' id='word_1_128' title='bbox 1188 2228 1296 2312; x_wconf 76' lang='grc' dir='ltr'><strong><em>γνώμην</em></strong></span> <span class='ocrx_word' id='word_1_129' title='bbox 1317 2230 1423 2310; x_wconf 70' lang='grc' dir='ltr'><strong><em>ταύτην</em></strong></span> 
     </span>
     <span class='ocr_line' id='line_1_19' title="bbox 864 2333 1422 2421; baseline 0.002 -23"><span class='ocrx_word' id='word_1_130' title='bbox 864 2334 948 2398; x_wconf 75' lang='grc' dir='ltr'><strong><em>εἰπὼν</em></strong></span> <span class='ocrx_word' id='word_1_131' title='bbox 975 2340 1228 2421; x_wconf 80' lang='grc' dir='ltr'><strong><em>Πείσανδρος,</em></strong></span> <span class='ocrx_word' id='word_1_132' title='bbox 1259 2341 1307 2399; x_wconf 76' lang='grc' dir='ltr'><strong>καὶ</strong></span> <span class='ocrx_word' id='word_1_133' title='bbox 1330 2333 1422 2399; x_wconf 82' lang='grc' dir='ltr'><strong><em>τᾶλλα</em></strong></span> 
     </span>
     <span class='ocr_line' id='line_1_20' title="bbox 864 2442 1423 2525; baseline 0.005 -22"><span class='ocrx_word' id='word_1_134' title='bbox 864 2449 895 2504; x_wconf 84' lang='grc' dir='ltr'><strong>ἐκ</strong></span> <span class='ocrx_word' id='word_1_135' title='bbox 925 2453 976 2505; x_wconf 79' lang='grc' dir='ltr'><strong>τοῦ</strong></span> <span class='ocrx_word' id='word_1_136' title='bbox 1006 2456 1175 2524; x_wconf 75' lang='grc' dir='ltr'><strong><em>προφανοῦς</em></strong></span> <span class='ocrx_word' id='word_1_137' title='bbox 1208 2442 1423 2525; x_wconf 79' lang='grc' dir='ltr'><strong><em>προθυμότατα</em></strong></span> 
     </span>
     <span class='ocr_line' id='line_1_21' title="bbox 864 2547 1424 2632; baseline 0.005 -21"><span class='ocrx_word' id='word_1_138' title='bbox 864 2547 1081 2632; x_wconf 77' lang='grc' dir='ltr'><strong><em>ξυγκαταλῦσοις</em></strong></span> <span class='ocrx_word' id='word_1_139' title='bbox 1094 2548 1145 2612; x_wconf 85' lang='grc' dir='ltr'><strong><em>τὸν</em></strong></span> <span class='ocrx_word' id='word_1_140' title='bbox 1160 2556 1248 2631; x_wconf 75' lang='grc' dir='ltr'><strong><em>δῆμον</em></strong></span> <span class='ocrx_word' id='word_1_141' title='bbox 1265 2598 1272 2613; x_wconf 94' lang='grc'><strong>.</strong></span> <span class='ocrx_word' id='word_1_142' title='bbox 1288 2555 1303 2614; x_wconf 83' lang='grc' dir='ltr'><strong>ὁ</strong></span> <span class='ocrx_word' id='word_1_143' title='bbox 1327 2557 1424 2628; x_wconf 80' lang='grc' dir='ltr'><strong><em>μέντοι</em></strong></span> 
     </span>
     <span class='ocr_line' id='line_1_22' title="bbox 251 2651 1424 2739; baseline 0.004 -23"><span class='ocrx_word' id='word_1_144' title='bbox 251 2660 351 2718; x_wconf 84' lang='grc' dir='ltr'><strong><em>αἰτέων</em></strong></span> <span class='ocrx_word' id='word_1_145' title='bbox 388 2656 514 2734; x_wconf 70' lang='grc' dir='ltr'><strong><em>μάλιστα</em></strong></span> <span class='ocrx_word' id='word_1_146' title='bbox 552 2661 708 2738; x_wconf 83' lang='grc' dir='ltr'><strong><em>γενομένων</em></strong></span> <span class='ocrx_word' id='word_1_147' title='bbox 745 2662 810 2719; x_wconf 79' lang='lat' dir='ltr'><strong>Hac·</strong></span> <span class='ocrx_word' id='word_1_148' title='bbox 865 2651 944 2718; x_wconf 71' lang='grc' dir='ltr'><strong><em>ἅπαν</em></strong></span> <span class='ocrx_word' id='word_1_149' title='bbox 981 2654 1015 2719; x_wconf 83' lang='grc' dir='ltr'><strong>τὸ</strong></span> <span class='ocrx_word' id='word_1_150' title='bbox 1052 2667 1171 2739; x_wconf 83' lang='grc' dir='ltr'><strong><em>πρᾶγμα</em></strong></span> <span class='ocrx_word' id='word_1_151' title='bbox 1214 2657 1329 2731; x_wconf 76' lang='grc' dir='ltr'><strong><em>ξυνθεὶς</em></strong></span> <span class='ocrx_word' id='word_1_152' title='bbox 1367 2655 1424 2733; x_wconf 69' lang='lat' dir='ltr'><strong>‹ito›</strong></span> 
     </span>
     <span class='ocr_line' id='line_1_23' title="bbox 251 2762 1424 2845; baseline 0.003 -22"><span class='ocrx_word' id='word_1_153' title='bbox 251 2762 377 2845; x_wconf 75' lang='grc' dir='ltr'><strong><em>σάνόρου</em></strong></span> <span class='ocrx_word' id='word_1_154' title='bbox 389 2766 438 2824; x_wconf 84' lang='grc' dir='ltr'><strong>καὶ</strong></span> <span class='ocrx_word' id='word_1_155' title='bbox 454 2765 638 2843; x_wconf 66' lang='grc' dir='ltr'><strong><em>Ἀντιφῶντος</em></strong></span> <span class='ocrx_word' id='word_1_156' title='bbox 653 2766 701 2825; x_wconf 77' lang='grc' dir='ltr'><strong>καὶ</strong></span> <span class='ocrx_word' id='word_1_157' title='bbox 716 2765 811 2844; x_wconf 84' lang='grc' dir='ltr'><strong><em>Θηρα-</em></strong></span> <span class='ocrx_word' id='word_1_158' title='bbox 864 2763 961 2844; x_wconf 82' lang='grc' dir='ltr'><strong><em>τρόπῳ</em></strong></span> <span class='ocrx_word' id='word_1_159' title='bbox 992 2769 1116 2843; x_wconf 88' lang='grc' dir='ltr'><strong><em>κατέστη</em></strong></span> <span class='ocrx_word' id='word_1_160' title='bbox 1148 2769 1177 2836; x_wconf 79' lang='grc' dir='ltr'><strong>ἐς</strong></span> <span class='ocrx_word' id='word_1_161' title='bbox 1205 2776 1290 2828; x_wconf 85' lang='grc' dir='ltr'><strong><em>τοῦτο</em></strong></span> <span class='ocrx_word' id='word_1_162' title='bbox 1320 2768 1370 2826; x_wconf 79' lang='grc' dir='ltr'><strong>καὶ</strong></span> <span class='ocrx_word' id='word_1_163' title='bbox 1393 2770 1424 2828; x_wconf 72' lang='grc' dir='ltr'><strong>ἐκ</strong></span> 
     </span>
    </p>
   </div>
   <div class='ocr_carea' id='block_1_4' title="bbox 250 2851 831 2953">
    <p class='ocr_par' dir='ltr' id='par_1_5' title="bbox 250 2851 831 2953">
     <span class='ocr_line' id='line_1_24' title="bbox 250 2851 831 2953; baseline 0.007 -22"><span class='ocrx_word' id='word_1_164' title='bbox 250 2875 369 2948; x_wconf 83' lang='grc' dir='ltr'><strong><em>μένους,</em></strong></span> <span class='ocrx_word' id='word_1_165' title='bbox 399 2869 508 2953; x_wconf 78' lang='grc' dir='ltr'><strong><em>ἀνδρῶν</em></strong></span> <span class='ocrx_word' id='word_1_166' title='bbox 542 2874 590 2931; x_wconf 81' lang='grc' dir='ltr'><strong>καὶ</strong></span> <span class='ocrx_word' id='word_1_167' title='bbox 625 2851 831 2953; x_wconf 79' lang='grc' dir='ltr'><strong>γεγενημένων&lt;</strong></span> 
     </span>
    </p>
   </div>
   <div class='ocr_carea' id='block_1_5' title="bbox 252 2871 1427 3808">
    <p class='ocr_par' dir='ltr' id='par_1_6' title="bbox 252 2871 1426 3489">
     <span class='ocr_line' id='line_1_25' title="bbox 866 2871 1425 2952; baseline 0 -19"><span class='ocrx_word' id='word_1_168' title='bbox 866 2874 1002 2933; x_wconf 79' lang='grc' dir='ltr'><strong><em>πλείστου</em></strong></span> <span class='ocrx_word' id='word_1_169' title='bbox 1024 2872 1209 2950; x_wconf 74' lang='grc' dir='ltr'><strong><em>ἐπιμεληθεὶς</em></strong></span> <span class='ocrx_word' id='word_1_170' title='bbox 1226 2871 1260 2936; x_wconf 85' lang='grc' dir='ltr'><em>Ἀ</em></span> <span class='ocrx_word' id='word_1_171' title='bbox 1271 2895 1312 2934; x_wconf 88' lang='grc' dir='ltr'><strong><em>ντ</em></strong></span> <span class='ocrx_word' id='word_1_172' title='bbox 1325 2896 1334 2933; x_wconf 94' lang='grc' dir='ltr'><strong><em>ι</em></strong></span> <span class='ocrx_word' id='word_1_173' title='bbox 1347 2895 1369 2952; x_wconf 84' lang='grc' dir='ltr'>φ</span> <span class='ocrx_word' id='word_1_174' title='bbox 1382 2883 1425 2936; x_wconf 84' lang='grc' dir='ltr'><strong><em>ῶν</em></strong></span> 
     </span>
     <span class='ocr_line' id='line_1_26' title="bbox 252 2972 1422 3059; baseline 0.003 -21"><span class='ocrx_word' id='word_1_175' title='bbox 252 2972 284 3038; x_wconf 74' lang='grc' dir='ltr'><strong><em>εἶν</em></strong></span> <span class='ocrx_word' id='word_1_176' title='bbox 295 2979 343 3037; x_wconf 74' lang='grc' dir='ltr'><strong>καὶ</strong></span> <span class='ocrx_word' id='word_1_177' title='bbox 360 2982 472 3039; x_wconf 85' lang='grc' dir='ltr'><strong><em>συνέσει</em></strong></span> <span class='ocrx_word' id='word_1_178' title='bbox 488 2982 536 3039; x_wconf 79' lang='grc' dir='ltr'><strong>καὶ</strong></span> <span class='ocrx_word' id='word_1_179' title='bbox 549 2974 640 3059; x_wconf 81' lang='grc' dir='ltr'><strong><em>γνώμη</em></strong></span> <span class='ocrx_word' id='word_1_180' title='bbox 652 2975 812 3041; x_wconf 77' lang='grc' dir='ltr'><strong><em>δοκούντων</em></strong></span> <span class='ocrx_word' id='word_1_181' title='bbox 868 2975 907 3058; x_wconf 83' lang='grc' dir='ltr'><strong><em>ἦν,</em></strong></span> <span class='ocrx_word' id='word_1_182' title='bbox 946 2975 1018 3058; x_wconf 67' lang='lat' dir='ltr'><strong>(kopp</strong></span> <span class='ocrx_word' id='word_1_183' title='bbox 1052 2976 1219 3056; x_wconf 68' lang='lat' dir='ltr'><strong>&gt;inimatum</strong></span> <span class='ocrx_word' id='word_1_184' title='bbox 1255 2989 1309 3042; x_wconf 81' lang='grc' dir='ltr'><strong><em>τῶν</em></strong></span> <span class='ocrx_word' id='word_1_185' title='bbox 1351 2983 1422 3042; x_wconf 81' lang='grc' dir='ltr'><strong><em>καθ’</em></strong></span> 
     </span>
     <span class='ocr_line' id='line_1_27' title="bbox 253 3081 1425 3167; baseline 0.004 -23"><span class='ocrx_word' id='word_1_186' title='bbox 253 3088 406 3164; x_wconf 75' lang='grc' dir='ltr'><strong><em>διαφέρειν,</em></strong></span> <span class='ocrx_word' id='word_1_187' title='bbox 867 3081 968 3146; x_wconf 75' lang='grc' dir='ltr'><strong><em>ἑαυτὸν</em></strong></span> <span class='ocrx_word' id='word_1_188' title='bbox 991 3083 1079 3165; x_wconf 78' lang='grc' dir='ltr'><strong><em>ἀρετῇ</em></strong></span> <span class='ocrx_word' id='word_1_189' title='bbox 1101 3107 1132 3146; x_wconf 84' lang='grc' dir='ltr'><strong>το</strong></span> <span class='ocrx_word' id='word_1_190' title='bbox 1156 3083 1270 3158; x_wconf 77' lang='grc' dir='ltr'><strong><em>οὐδενὸς</em></strong></span> <span class='ocrx_word' id='word_1_191' title='bbox 1294 3084 1425 3167; x_wconf 67' lang='grc' dir='ltr'><strong><em>δεύτερος</em></strong></span> 
     </span>
     <span class='ocr_line' id='line_1_28' title="bbox 867 3192 1424 3272; baseline 0.009 -21"><span class='ocrx_word' id='word_1_192' title='bbox 867 3193 1006 3256; x_wconf 77' lang='grc' dir='ltr'><strong>...καὶ</strong></span> <span class='ocrx_word' id='word_1_193' title='bbox 1047 3192 1255 3272; x_wconf 80' lang='grc' dir='ltr'><strong><em>Θηραμένης</em></strong></span> <span class='ocrx_word' id='word_1_194' title='bbox 1293 3199 1328 3255; x_wconf 74' lang='grc' dir='ltr'><strong><em>ἐν</em></strong></span> <span class='ocrx_word' id='word_1_195' title='bbox 1365 3205 1424 3266; x_wconf 73' lang='grc' dir='ltr'><strong><em>τοῖς</em></strong></span> 
     </span>
     <span class='ocr_line' id='line_1_29' title="bbox 865 3293 1426 3378; baseline 0.016 -23"><span class='ocrx_word' id='word_1_196' title='bbox 865 3293 1089 3378; x_wconf 77' lang='grc' dir='ltr'><strong><em>ξογκαταλύοοσι</em></strong></span> <span class='ocrx_word' id='word_1_197' title='bbox 1118 3297 1167 3362; x_wconf 83' lang='grc' dir='ltr'><strong><em>τὸν</em></strong></span> <span class='ocrx_word' id='word_1_198' title='bbox 1197 3305 1286 3378; x_wconf 76' lang='grc' dir='ltr'><strong><em>δῆμον</em></strong></span> <span class='ocrx_word' id='word_1_199' title='bbox 1315 3311 1426 3372; x_wconf 77' lang='grc' dir='ltr'><strong><em>πρῶτος</em></strong></span> 
     </span>
     <span class='ocr_line' id='line_1_30' title="bbox 866 3398 1425 3489; baseline 0.005 -24"><span class='ocrx_word' id='word_1_200' title='bbox 866 3398 907 3487; x_wconf 78' lang='grc' dir='ltr'><strong><em>ἦν,</em></strong></span> <span class='ocrx_word' id='word_1_201' title='bbox 932 3402 1003 3480; x_wconf 71' lang='grc' dir='ltr'><strong><em>ἀνὴρ</em></strong></span> <span class='ocrx_word' id='word_1_202' title='bbox 1030 3400 1094 3468; x_wconf 72' lang='grc' dir='ltr'><strong><em>οἴετο</em></strong></span> <span class='ocrx_word' id='word_1_203' title='bbox 1118 3411 1207 3469; x_wconf 76' lang='grc' dir='ltr'><strong><em>εἰπεῖν</em></strong></span> <span class='ocrx_word' id='word_1_204' title='bbox 1230 3403 1294 3470; x_wconf 80' lang='grc' dir='ltr'><strong><em>οἶπε</em></strong></span> <span class='ocrx_word' id='word_1_205' title='bbox 1324 3418 1425 3489; x_wconf 83' lang='grc' dir='ltr'><strong><em>γνῶναι</em></strong></span> 
     </span>
    </p>

    <p class='ocr_par' dir='ltr' id='par_1_7' title="bbox 254 3510 1427 3808">
     <span class='ocr_line' id='line_1_31' title="bbox 866 3510 1017 3584; baseline 0.026 -10"><span class='ocrx_word' id='word_1_206' title='bbox 866 3510 1017 3584; x_wconf 69' lang='grc' dir='ltr'><strong><em>ἀδύνατος.</em></strong></span> 
     </span>
     <span class='ocr_line' id='line_1_32' title="bbox 342 3616 1426 3702; baseline 0.005 -20"><span class='ocrx_word' id='word_1_207' title='bbox 342 3616 394 3682; x_wconf 83' lang='lat' dir='ltr'><strong>Ea</strong></span> <span class='ocrx_word' id='word_1_208' title='bbox 436 3635 561 3700; x_wconf 88' lang='lat' dir='ltr'><strong>quoque</strong></span> <span class='ocrx_word' id='word_1_209' title='bbox 605 3636 689 3699; x_wconf 86' lang='lat' dir='ltr'><strong>quae</strong></span> <span class='ocrx_word' id='word_1_210' title='bbox 729 3618 848 3684; x_wconf 89' lang='lat' dir='ltr'><strong>deinde</strong></span> <span class='ocrx_word' id='word_1_211' title='bbox 886 3627 1067 3700; x_wconf 88' lang='lat' dir='ltr'><strong>sequuntur</strong></span> <span class='ocrx_word' id='word_1_212' title='bbox 1104 3637 1345 3702; x_wconf 88' lang='lat' dir='ltr'><strong>nonnumquam</strong></span> <span class='ocrx_word' id='word_1_213' title='bbox 1383 3621 1426 3688; x_wconf 90' lang='lat' dir='ltr'><strong>ad</strong></span> 
     </span>
     <span class='ocr_line' id='line_1_33' title="bbox 254 3723 1427 3808; baseline 0.004 -19"><span class='ocrx_word' id='word_1_214' title='bbox 254 3724 386 3790; x_wconf 83' lang='lat' dir='ltr'><strong>verbum</strong></span> <span class='ocrx_word' id='word_1_215' title='bbox 403 3742 472 3790; x_wconf 88' lang='lat' dir='ltr'><strong>eum</strong></span> <span class='ocrx_word' id='word_1_216' title='bbox 487 3725 690 3807; x_wconf 82' lang='lat' dir='ltr'><strong>Thucydidis</strong></span> <span class='ocrx_word' id='word_1_217' title='bbox 703 3723 906 3808; x_wconf 83' lang='lat' dir='ltr'><strong>expositione</strong></span> <span class='ocrx_word' id='word_1_218' title='bbox 923 3727 1112 3793; x_wconf 87' lang='lat' dir='ltr'><strong>concinunt:</strong></span> <span class='ocrx_word' id='word_1_219' title='bbox 1129 3727 1221 3794; x_wconf 86' lang='lat' dir='ltr'><strong>velut</strong></span> <span class='ocrx_word' id='word_1_220' title='bbox 1237 3727 1427 3796; x_wconf 89' lang='lat' dir='ltr'><strong>Aristotelis</strong></span> 
     </span>
    </p>
   </div>
   <div class='ocr_carea' id='block_1_6' title="bbox 255 3829 1424 3919">
    <p class='ocr_par' dir='ltr' id='par_1_8' title="bbox 255 3829 1424 3919">
     <span class='ocr_line' id='line_1_34' title="bbox 255 3829 1424 3919; baseline 0.009 -27"><span class='ocrx_word' id='word_1_221' title='bbox 255 3829 426 3919; x_wconf 75' lang='lat' dir='ltr'><strong>elocuti04)</strong></span> <span class='ocrx_word' id='word_1_222' title='bbox 452 3835 488 3914; x_wconf 48' lang='lat' dir='ltr'><strong>‘ol</strong></span> <span class='ocrx_word' id='word_1_223' title='bbox 510 3833 736 3914; x_wconf 70' lang='grc' dir='ltr'><strong><em>πεντακισχίλιοι</em></strong></span> <span class='ocrx_word' id='word_1_224' title='bbox 765 3830 858 3914; x_wconf 82' lang='grc' dir='ltr'><strong><em>λόγῳ</em></strong></span> <span class='ocrx_word' id='word_1_225' title='bbox 880 3830 969 3912; x_wconf 90' lang='grc' dir='ltr'><strong><em>μόνον</em></strong></span> <span class='ocrx_word' id='word_1_226' title='bbox 996 3837 1154 3914; x_wconf 75' lang='grc' dir='ltr'><strong><em>ᾐρέθησαέ</em></strong></span> <span class='ocrx_word' id='word_1_227' title='bbox 1179 3833 1213 3900; x_wconf 87' lang='lat' dir='ltr'><strong>in</strong></span> <span class='ocrx_word' id='word_1_228' title='bbox 1236 3836 1424 3902; x_wconf 76' lang='lat' dir='ltr'><strong>memoriam</strong></span> 
     </span>
    </p>
   </div>
   <div class='ocr_carea' id='block_1_7' title="bbox 254 3957 466 3968">
    <p class='ocr_par' dir='ltr' id='par_1_9' title="bbox 254 3957 466 3968">
     <span class='ocr_line' id='line_1_35' title="bbox 254 3957 466 3968; baseline 0.009 -2"><span class='ocrx_word' id='word_1_229' title='bbox 254 3957 466 3968; x_wconf 68' lang='lat' dir='ltr'><strong>--e—-—--..-</strong></span> 
     </span>
    </p>
   </div>
   <div class='ocr_carea' id='block_1_8' title="bbox 255 4025 1427 4448">
    <p class='ocr_par' dir='ltr' id='par_1_10' title="bbox 255 4025 1427 4185">
     <span class='ocr_line' id='line_1_36' title="bbox 345 4025 1427 4099; baseline 0.003 -18"><span class='ocrx_word' id='word_1_230' title='bbox 345 4025 580 4096; x_wconf 74' lang='grc' dir='ltr'><strong>ι)1111111(111111</strong></span> <span class='ocrx_word' id='word_1_231' title='bbox 608 4027 654 4099; x_wconf 85' lang='lat' dir='ltr'><strong>qui</strong></span> <span class='ocrx_word' id='word_1_232' title='bbox 672 4025 690 4082; x_wconf 91' lang='lat' dir='ltr'><strong>l.</strong></span> <span class='ocrx_word' id='word_1_233' title='bbox 709 4027 726 4082; x_wconf 88' lang='lat' dir='ltr'><strong>l.</strong></span> <span class='ocrx_word' id='word_1_234' title='bbox 746 4043 772 4097; x_wconf 88' lang='lat' dir='ltr'><strong>p.</strong></span> <span class='ocrx_word' id='word_1_235' title='bbox 801 4027 850 4085; x_wconf 87' lang='grc'><strong>191</strong></span> <span class='ocrx_word' id='word_1_236' title='bbox 879 4027 976 4082; x_wconf 86' lang='lat' dir='ltr'><strong>mirum</strong></span> <span class='ocrx_word' id='word_1_237' title='bbox 1003 4029 1030 4081; x_wconf 91' lang='lat' dir='ltr'><strong>in</strong></span> <span class='ocrx_word' id='word_1_238' title='bbox 1058 4028 1165 4082; x_wconf 84' lang='lat' dir='ltr'><strong>modum</strong></span> <span class='ocrx_word' id='word_1_239' title='bbox 1192 4028 1259 4084; x_wconf 81' lang='lat' dir='ltr'><strong>hueo</strong></span> <span class='ocrx_word' id='word_1_240' title='bbox 1286 4029 1367 4084; x_wconf 84' lang='lat' dir='ltr'><strong>verba</strong></span> <span class='ocrx_word' id='word_1_241' title='bbox 1393 4030 1427 4084; x_wconf 83' lang='lat' dir='ltr'><strong>ad</strong></span> 
     </span>
     <span class='ocr_line' id='line_1_37' title="bbox 255 4111 681 4185; baseline 0.012 -20"><span class='ocrx_word' id='word_1_242' title='bbox 255 4111 313 4169; x_wconf 65' lang='grc' dir='ltr'><strong>Ἀθ.</strong></span> <span class='ocrx_word' id='word_1_243' title='bbox 332 4111 392 4172; x_wconf 89' lang='grc' dir='ltr'><strong>πολ.</strong></span> <span class='ocrx_word' id='word_1_244' title='bbox 411 4131 436 4184; x_wconf 89' lang='lat' dir='ltr'><strong>p.</strong></span> <span class='ocrx_word' id='word_1_245' title='bbox 457 4115 500 4185; x_wconf 80' lang='lat'><strong>32,</strong></span> <span class='ocrx_word' id='word_1_246' title='bbox 521 4117 554 4174; x_wconf 87' lang='grc'><strong>18</strong></span> <span class='ocrx_word' id='word_1_247' title='bbox 572 4115 681 4171; x_wconf 86' lang='lat' dir='ltr'><strong>rettulit.</strong></span> 
     </span>
    </p>

    <p class='ocr_par' dir='ltr' id='par_1_11' title="bbox 344 4199 693 4272">
     <span class='ocr_line' id='line_1_38' title="bbox 344 4199 693 4272; baseline 0 -14"><span class='ocrx_word' id='word_1_248' title='bbox 344 4199 364 4270; x_wconf 73' lang='lat' dir='ltr'><strong>&#39;J</strong></span> <span class='ocrx_word' id='word_1_249' title='bbox 377 4218 408 4272; x_wconf 81' lang='lat' dir='ltr'><strong>p.</strong></span> <span class='ocrx_word' id='word_1_250' title='bbox 428 4203 471 4271; x_wconf 80' lang='grc'><strong>36,</strong></span> <span class='ocrx_word' id='word_1_251' title='bbox 490 4205 575 4259; x_wconf 83' lang='lat'>4-11</span> <span class='ocrx_word' id='word_1_252' title='bbox 596 4203 631 4258; x_wconf 89' lang='grc' dir='ltr'><strong>Κ.</strong></span> <span class='ocrx_word' id='word_1_253' title='bbox 649 4203 693 4258; x_wconf 86' lang='lat' dir='ltr'><strong>W.</strong></span> 
     </span>
    </p>

    <p class='ocr_par' dir='ltr' id='par_1_12' title="bbox 346 4289 611 4360">
     <span class='ocr_line' id='line_1_39' title="bbox 346 4289 611 4360; baseline -0.008 -14"><span class='ocrx_word' id='word_1_254' title='bbox 346 4289 367 4360; x_wconf 78' lang='lat'><strong>¹)</strong></span> <span class='ocrx_word' id='word_1_255' title='bbox 385 4290 465 4346; x_wconf 78' lang='lat' dir='ltr'><strong>Thuo.</strong></span> <span class='ocrx_word' id='word_1_256' title='bbox 484 4291 551 4346; x_wconf 88' lang='lat' dir='ltr'><strong>VIII</strong></span> <span class='ocrx_word' id='word_1_257' title='bbox 569 4293 611 4349; x_wconf 87' lang='lat'><strong>68.</strong></span> 
     </span>
    </p>

    <p class='ocr_par' dir='ltr' id='par_1_13' title="bbox 344 4378 641 4448">
     <span class='ocr_line' id='line_1_40' title="bbox 344 4378 641 4448; baseline -0.013 -8"><span class='ocrx_word' id='word_1_258' title='bbox 344 4378 641 4448; x_wconf 71' lang='grc'><strong>1111161111.</strong></span> 
     </span>
    </p>
   </div>
   <div class='ocr_carea' id='block_1_9' title="bbox 0 0 1585 4826">
    <p class='ocr_par' dir='ltr' id='par_1_14' title="bbox 0 0 1585 4826">
     <span class='ocr_line' id='line_1_41' title="bbox 0 0 1585 4826; baseline 0 0"><span class='ocrx_word' id='word_1_259' title='bbox 0 0 1585 4826; x_wconf 95' lang='lat' dir='ltr'><strong> </strong></span> 
     </span>
    </p>
   </div>
  </div>
 </body>
</html>
