3144 4826
808 359 829 426 8

233 555 440 646 Herodotum
469 555 553 623 adiit
581 556 780 623 Aristoteles
803 555 969 637 Atthides,
1001 575 1041 623 ex
1070 556 1190 645 quibus
1221 554 1397 622 Glitoderui

234 667 269 730 et
290 661 506 730 Androtionis
529 684 631 752 opera
654 668 855 752 comparent.
1112 703 1115 710 ι
1260 697 1261 702 1

298 777 300 784 ’
322 772 450 868 Quibus
466 786 657 854 auctoribus
674 787 823 854 omuibus
846 786 950 854 libero
966 787 1104 854 arbitrio
1120 809 1202 853 usus
1218 792 1287 854 est:
1312 806 1397 868 quae

233 892 370 960 oonsilio
400 916 460 960 suo
491 893 689 975 serviebant,
729 898 901 961 mutuatus
931 897 992 979 ost,
1030 893 1141 961 omisit
1170 916 1254 984 qnae
1282 893 1398 983 inepta

232 1003 292 1066 aut
312 999 446 1067 inutilia
468 1000 675 1082 videbantur,
693 1005 804 1091 atque
828 1001 957 1068 omnino
980 1000 1236 1090 uniuscuiusque
1258 1000 1305 1068 rei
1329 1000 1396 1067 vim

232 1109 266 1173 et
287 1107 418 1196 pondus
441 1107 651 1176 examinavit.
679 1109 774 1177 'Jam
805 1131 845 1176 ex
872 1109 924 1175 his
954 1108 1064 1176 elucet
1091 1130 1151 1174 nos
1181 1131 1246 1175 non
1273 1107 1396 1175 habero

229 1212 374 1302 imperiti
397 1213 552 1303 discipuli
575 1215 886 1296 commentariolum,
911 1215 970 1282 sed
993 1235 1074 1298 opus
1096 1214 1248 1302 magistri
1263 1213 1393 1283 eruditi.

319 1338 385 1406 Sed
411 1363 625 1429 properemus
655 1340 699 1407 ad
725 1341 801 1422 alia,
831 1346 870 1407 ut
901 1363 940 1408 ea
970 1363 1054 1430 quae
1085 1339 1229 1406 aruimus
1251 1339 1394 1407 fortasse

229 1444 324 1512 novis
348 1445 551 1534 argumentis
575 1446 811 1514 confirmemus.
866 1447 907 1514 In
937 1470 1008 1537 oap.
1042 1445 1092 1528 15,
1122 1445 1209 1536 quod
1232 1431 1391 1529 sequitur,

228 1574 346 1618 rursus
369 1552 468 1620 faoile
492 1575 575 1642 quae
599 1576 671 1621 oum
687 1555 858 1622 Herodoto
875 1555 1053 1622 oonoinunt
1068 1577 1244 1642 cognosces
1269 1553 1297 1620 si
1311 1553 1393 1621 haee

227 1657 315 1726 inter
337 1681 373 1726 se
397 1659 616 1747 comparabis:

340 1821 408 1885 Ἀθ.
433 1823 497 1886 πολ.
521 1843 551 1909 p.
577 1820 659 1901 15,4.
1010 1822 1090 1890 Hdt
1113 1821 1141 1903 Ι,
1166 1822 1208 1892 61

228 1925 310 2004 ἡμὲν
329 1921 378 1988 οὖν
400 1926 498 2008 πράτη
519 1925 651 2001 κάθοδος
672 1934 780 2012 ἐχίνων
834 1929 988 2015 ἀπολαβων
1014 1932 1045 1994 δὲ
1067 1928 1118 2012 τὴν
1144 1933 1298 2013 τυραννίδα
1330 1927 1391 2009 τρά

225 2031 349 2110 τοιαάτη.
396 2032 470 2112 μετά
497 2035 527 2098 δὲ
554 2037 632 2098 ταῦτ’
664 2036 780 2111 ίξίπεσε
833 2063 880 2119 πρ
906 2050 947 2118 τῷ
970 2043 1106 2120 είρημίνιρ
1134 2039 1150 2101 ὀ
1178 2039 1391 2118 Πεισίστρατος

224 2135 258 2200 τὸ
273 2135 405 2221 διάτορον
426 2139 481 2204 ι”τει
503 2140 630 2221 μάλιστα
644 2143 780 2233 ’τρίτῳίῆ
833 2145 909 2210 κατά
953 2144 1004 2226 τὴν
1043 2145 1192 2226 ὁμολογίην
1230 2141 1280 2223 τὴν
1317 2139 1391 2224 πρὸς

224 2242 297 2323 μετά
320 2243 371 2326 τὴν
392 2247 530 2310 κάθοδον.
568 2248 602 2312 οὔ
621 2249 676 2334 γάρ
691 2251 780 2316 πολὺν
832 2255 988 2337 Μεγακλέα
1033 2256 1181 2336 γενομένην
1217 2261 1306 2333 γαμεῖ
1338 2259 1391 2312 τοῦ

223 2348 325 2433 χρόνον
348 2366 484 2436 κατεθχεν,
509 2353 582 2418 άλλά
832 2362 1000 2443 Μεγακλέος
1036 2357 1086 2438 τὴν
1122 2362 1278 2440 θυγατίρα.
1340 2353 1388 2419 οἷα

300 2457 349 2520 διά
370 2461 403 2524 τὸ
425 2460 465 2543 μὴ
486 2461 649 2543 βούλεσθαι
671 2478 706 2547 τῇ
727 2479 779 2530 τοῦ
831 2469 862 2531 δὲ
885 2472 997 2532 παίδων
1023 2474 1055 2530 τί
1076 2473 1105 2532 οί
1131 2463 1316 2548 ὑπαρχόντων
1345 2487 1388 2526 νε-

222 2566 407 2646 Μιγακλίους
439 2575 562 2652 θυγατρὶ
592 2577 778 2655 συγγίνεσθαι
830 2585 910 2656 ηνιῶν
961 2580 1010 2638 καὶ
1059 2577 1214 2657 λεγομίνων
1267 2575 1388 2654 ίυαγίων

830 2681 978 2747 εἶναιτῶν
1002 2684 1243 2762 Ἀλκμεωνιδέων,
1267 2681 1301 2744 οὐ
1323 2682 1387 2760 βου-

829 2790 944 2870 λόμενός
972 2796 1001 2852 οί
1030 2793 1165 2870 γενίσθαι
1189 2793 1220 2848 ἐκ
1249 2797 1299 2866 τῆς
1328 2809 1386 2848 vm·

828 2897 920 2981 γάμου
963 2893 1093 2978 γυναικὸς
1130 2899 1215 2956 τίκνα
1257 2894 1388 2976 ἐμίσγετό

828 3011 857 3067 οἱ
885 3007 919 3068 οδ
948 3000 1024 3066 κατά
1050 3000 1144 3080 νόμον.
1198 2999 1235 3063 τά
1257 3005 1309 3076 μίν
1338 3025 1386 3064 νυν

827 3122 926 3194 πρῶτα
963 3108 1082 3187 ἔκρυπτε
1126 3119 1218 3170 ταῦτα
1257 3136 1274 3190 η
1312 3108 1386 3190 γυνη,

826 3215 899 3296 μετά
934 3219 964 3278 δὲ
1077 3214 1178 3298 φράζει
1212 3227 1248 3296 τῇ
1281 3221 1386 3291 ἑωυτῆς

826 3329 920 3404 μητρί,
955 3327 972 3404 ἡ
1006 3325 1037 3386 δὲ
1066 3332 1106 3402 τῷ
1137 3323 1226 3404 άνδρί.
1272 3321 1323 3386 τὸν
1353 3325 1384 3386 δὲ

826 3431 917 3493 δεινόν
938 3455 965 3492 τι
986 3430 1066 3516 ἔσχεν
1089 3431 1288 3512 ἀτιμάζεσθαι
1312 3427 1385 3510 πρὸς

825 3537 1048 3618 Πεισιστράτου.
1095 3542 1165 3623 ὀργῇ
1197 3541 1227 3604 δὲ
1260 3544 1297 3610 ὡς
1327 3537 1383 3620 είχι

824 3644 1042 3711 καταλλάσσετο
1085 3646 1135 3725 τὴν
1174 3646 1280 3732 ἔχθρην
1323 3661 1383 3721 τοῖς

216 3740 360 3817 ‘Mittis'
387 3741 554 3825 ἀμφοτέρας
580 3746 634 3820 τάς
656 3749 771 3824 στάσεις
824 3752 1010 3836 στασιάτῃσι.
1058 3753 1162 3834 μαθὼν
1196 3757 1227 3819 δὲ
1262 3761 1278 3820 ὁ
1309 3762 1381 3818 Πει-

225 3867 230 3874 ’
824 3864 979 3942 σίστρατος
1000 3861 1037 3924 τά
1065 3863 1216 3940 ποιεύμενα
1245 3865 1289 3926 ἐπ’
1317 3869 1381 3926 ίωυ-

214 3950 382 4031 ὑπιξῆλθεν.
822 3980 862 4049 τῷ
903 3968 1109 4034 ἀπαλλάσσων
1143 3977 1175 4034 du
1204 3983 1253 4051 τῆς
1294 3970 1382 4065 χώρης

213 4061 261 4119 καὶ
299 4071 410 4142 πρῶτον
443 4066 495 4142 μὲν
529 4069 665 4150 συνῴκισε
703 4077 769 4152 περὶ
822 4075 856 4140 τὸ
878 4077 1030 4164 παράπαν,

212 4162 262 4226 τὸν
297 4164 443 4248 Θερμαίου
477 4170 583 4238 κόλπον
616 4183 719 4260 χωρίον
753 4177 768 4244 ὃ

211 4275 338 4336 καλεῖται
381 4281 538 4358 Ῥαίκηλος,
585 4289 699 4348 ἐκεῖθεν
736 4289 767 4350 δὲ

210 4382 361 4461 παρῆλθεν
385 4389 424 4460 είς
446 4385 512 4460 τοὺς
