3144 4826
304 1241 496 1310 Pmestanti
516 1239 569 1308 illi
590 1237 715 1321 libello,
740 1239 797 1330 qui
817 1261 922 1328 nuper
942 1237 1030 1307 forte
1053 1238 1189 1306 fortuna
1215 1239 1259 1308 ad
1272 1241 1379 1311 lucem

216 1354 392 1418 revocatus
414 1353 484 1416 tam
505 1346 612 1414 multe
626 1368 746 1434 magna
768 1345 965 1435 necopinata
987 1369 1048 1413 uos
1070 1347 1111 1414 de
1125 1345 1379 1417 Atheniensium

215 1478 252 1524 re
281 1455 417 1546 publica
449 1455 571 1539 docuit,
604 1454 776 1522 doctorum
807 1453 926 1521 cohors
960 1475 1094 1543 operam
1123 1455 1262 1522 navavit
1287 1455 1378 1524 indu·

212 1563 401 1651 petionibus
424 1561 621 1642 utilissimis,
653 1561 773 1650 quibus
801 1583 876 1628 cum
899 1560 967 1628 alia
988 1565 1060 1626 tum
1082 1565 1251 1628 auctorem
1272 1561 1378 1631 libelli

209 1671 244 1738 in
277 1669 550 1759 disceptationem
577 1669 752 1736 vocabant.
815 1667 890 1750 Qua
922 1667 956 1734 in
991 1689 1092 1736 causa
1127 1668 1280 1757 quoniam
1312 1670 1378 1738 viri

210 1775 299 1846 docti
319 1778 355 1844 iu
377 1775 528 1845 diverses
551 1780 665 1865 partes
688 1775 843 1842 abierunt
865 1779 900 1842 ct
922 1773 1030 1842 adhuc
1053 1776 1116 1842 sub
1131 1775 1239 1842 indice
1254 1775 1296 1842 lis
1313 1780 1375 1859 est,

208 1903 273 1974 quo
307 1883 412 1972 magis
446 1884 593 1952 auctoris
627 1881 756 1974 indoles
795 1881 987 1949 illustretur
1025 1906 1091 1950 nou
1125 1882 1269 1950 alienum
1302 1905 1375 1952 esse

208 1995 366 2081 putamus
387 1989 624 2080 pervestigare,
656 2011 721 2080 qua
743 1989 874 2057 ratione
896 1992 1015 2056 auctor
1035 1988 1186 2056 libellum
1209 1991 1373 2081 couscrip-

207 2095 292 2164 serit
313 2119 396 2186 quos
418 2097 529 2165 fontes
552 2096 766 2164 arcessivcrit
788 2094 950 2185 quomodo
978 2095 1027 2162 ais
1049 2117 1132 2162 usus
1154 2096 1208 2163 sit
1266 2097 1373 2180 Quam

208 2205 432 2293 quaestionem
457 2204 524 2271 iam
551 2207 651 2270 autea
679 2225 701 2269 a
729 2201 897 2270 nonnullis
924 2205 1050 2269 tactam
1072 2201 1203 2292 plenius
1225 2206 1372 2273 mactare

205 2308 410 2376 instituimus
440 2332 507 2376 nou
536 2313 576 2374 ut
604 2329 674 2374 rem
702 2307 745 2374 ad
774 2308 873 2374 finam
898 2307 1119 2396 perducemus
1148 2331 1235 2376 vanc
1263 2310 1371 2379 auimo

205 2417 395 2503 spectantes
427 2415 487 2482 sed
515 2418 555 2480 ut
584 2435 646 2503 pro
676 2417 792 2480 nostre
818 2417 914 2503 parte
941 2414 1078 2480 veritati
1105 2416 1371 2505 appropinquare

205 2521 439 2610 periclitemur.
755 2585 766 2596 ,

292 2627 327 2696 Si
348 2627 471 2694 librum
492 2628 602 2717 ipsum
624 2631 874 2716 perscrutamur
890 2627 975 2694 scire
999 2628 1169 2717 cupientes
1185 2629 1305 2718 quibus
1329 2653 1369 2698 ex

203 2733 351 2802 tontibus
384 2733 529 2816 fluxerit,
564 2734 713 2802 videmus
747 2755 870 2801 morem
903 2734 1103 2823 scriptorum
1132 2739 1283 2802 veterum
1312 2738 1369 2826 qui

204 2845 359 2908 auctores
382 2863 462 2908 suos
485 2863 552 2909 nou
575 2840 704 2908 nomine
727 2839 899 2929 appellare
914 2841 1068 2908 solebant
1082 2841 1135 2908 hic
1151 2864 1280 2933 quoque
1296 2867 1368 2913 esse

203 2951 443 3016 conservatum
487 2948 562 3016 Uno
596 2951 724 3016 tautum
759 2947 832 3015 loco
868 2970 932 3037 quc
965 2946 1006 3015 de
1039 2947 1218 3016 Pisistrato
1256 2951 1369 3038 egitur

202 3053 243 3140 (c.
267 3055 376 3144 XIV.)
403 3053 595 3122 Herodotus
629 3053 788 3123 laudatur
820 3055 870 3122 ita
901 3053 1041 3144 quidem,
1077 3059 1116 3121 ut
1149 3055 1198 3122 rei
1231 3056 1367 3125 levioris

93 3199 100 3214 ·
201 3161 300 3228 testis
316 3161 494 3230 efferatur:
512 3185 577 3252 quo
593 3165 708 3229 nostro
724 3161 891 3228 arbitrutu
905 3162 1041 3252 probari
1055 3161 1191 3230 videtur
1204 3162 1368 3232 Herodoti

200 3265 303 3334 libros
325 3267 449 3336 iontem
470 3267 574 3336 fuisse
595 3267 788 3358 primarium
811 3269 841 3336 si
863 3290 929 3336 nen
951 3268 1056 3336 totius
1079 3268 1190 3359 operis
1205 3274 1242 3338 at
1256 3275 1366 3340 tamen

200 3373 271 3442 eins
293 3375 400 3463 pertis
424 3395 490 3465 que
511 3375 551 3444 de
566 3374 854 3443 Pisistratidurnm
876 3378 986 3443 aetete
1001 3375 1120 3464 egitur.
1165 3375 1213 3442 Et
1234 3399 1270 3444 re
1285 3361 1366 3446 vere

199 3477 425 3565 Aristotelem,
442 3501 537 3564 quem
551 3481 659 3549 libelli
674 3483 831 3550 habemus
847 3486 1025 3562 auctorem,
1045 3482 1122 3550 inde
1137 3506 1165 3552 a.
1184 3505 1256 3574 cap.
1271 3483 1365 3554 xlv.

197 3586 361 3656 Herodoti
387 3588 610 3656 narrationem
637 3588 677 3676 (l,
697 3589 741 3658 59
759 3589 848 3679 sqq.)
881 3610 943 3678 pro
973 3588 1186 3658 fundamento
1214 3591 1365 3679 posuisse

198 3693 278 3762 crdo
316 3695 555 3764 sententiarum
592 3696 835 3784 verborumque
873 3701 1051 3764 concentus
1095 3695 1201 3764 dccet.
1270 3697 1364 3766 Com·

197 3805 355 3890 parantes
378 3801 464 3870 enim
484 3823 523 3869 aa
538 3823 623 3891 quae
637 3805 779 3893 uterque
794 3802 835 3870 de
850 3802 1021 3870 Pisistrati
1035 3802 1214 3893 tyrannide
1229 3805 1365 3893 scripsit

196 3905 346 3976 videmus
369 3908 583 3978 Aristotelem
606 3909 759 3996 neglecta
779 3909 943 3978 Herodoti
967 3909 1007 3978 de
1022 3910 1227 4002 Hippocrate
1249 3911 1364 3980 tabule

196 4014 309 4094 stetim
322 4013 362 4082 de
373 4015 481 4084 tribus
494 4015 616 4084 civium
627 4015 827 4085 noualibus
837 4039 1014 4107 earumque
1022 4017 1161 4086 ducibus
1170 4019 1363 4108 exposuisse

196 4123 231 4188 st
252 4119 368 4190 deinde
384 4121 555 4192 Pisistrati
576 4123 716 4213 imperia
738 4124 920 4216 exsiliaque
942 4124 985 4192 ed
1000 4124 1163 4194 Herodoti
1178 4125 1362 4216 exemplum

195 4225 246 4294 ite
259 4227 449 4296 narravisse
464 4231 504 4295 ut
519 4251 603 4319 quae
619 4229 684 4298 sibi
698 4231 901 4320 respondent
915 4231 1089 4300 enuntiate
1107 4232 1205 4302 facile
1220 4233 1361 4302 eximere

194 4335 316 4424 possis.
362 4334 450 4405 Sunt
472 4339 583 4404 eutem
606 4336 702 4406 haec:

1191 4451 1201 4490 l
