3144 4826
697 312 740 392 29

135 519 244 606 pergit
265 519 511 606 grammaticus:
539 519 700 603 ιαύκραρος
722 523 752 583 δὲ
776 518 877 584 ὁποῖόν
898 541 925 584 τι
948 525 964 585 ὁ
988 517 1143 604 δήμαρχος,
1165 516 1300 592 Σόλωνος

135 626 223 700 οὕτως
252 625 462 711 ὀνομάσαντος,
495 627 532 700 ὥς
564 631 624 690 καὶ
656 627 855 710 Ἀριστοτέλης
883 631 959 709 φησί
982 677 1090 696 .....
1121 623 1241 710 ὕστερον
1267 628 1299 690 ol

135 735 195 799 eal
217 738 418 808 Κλεισθένους
439 741 523 816 δῆμοι
557 739 629 800 eleis
651 738 701 798 καὶ
730 732 871 818 δήμαρχοι
894 735 1070 817 ἐκλήθησαν.
1093 733 1208 822 (τἈθ.
1231 736 1297 800 σοί..

135 865 162 928 p.
186 844 239 928 23,
265 841 366 928 18ί9).
410 841 578 912 Atteudes
600 845 720 912 verba:
751 842 788 916 ὡς
821 845 885 905 καὶ
914 842 1111 926 Ἀριστοτέλης
1141 845 1221 926 φησί,
1257 859 1299 909 ex

135 951 249 1033 quibus
273 956 413 1034 opporet
434 957 567 1034 praeter
588 951 802 1019 Aristotelem
829 949 972 1033 reliquos
995 969 1122 1033 quoque
1144 955 1297 1018 auctores

134 1065 232 1141 atque
254 1057 288 1126 iu
305 1058 356 1126 his
372 1057 587 1126 Clitodemum
602 1059 714 1126 eodem
729 1057 907 1142 rettulisse,
931 1057 1029 1140 idque
1051 1076 1117 1126 uou
1132 1057 1235 1126 solum
1258 1057 1299 1124 do

134 1165 301 1234 Clistheue
312 1167 372 1234 sed
388 1166 487 1234 etiem
499 1167 540 1232 do
557 1165 685 1234 Solone.
717 1165 797 1234 Gom
812 1165 898 1234 euim
913 1164 1109 1233 Aristoteles
1125 1164 1166 1232 de
1181 1163 1300 1231 Solone

134 1279 257 1358 egeret,
282 1275 420 1358 primum
436 1275 477 1342 de
500 1273 683 1342 uouereriis
706 1275 810 1342 verbo
831 1272 910 1342 feeit
932 1277 968 1340 et
989 1271 1238 1355 eonsentientes,
1262 1275 1300 1336 ut

133 1379 311 1464 opinemur,
327 1379 598 1466 Atthidogrephi:
616 1397 681 1462 quo
696 1399 732 1448 re
747 1379 885 1448 Photius
901 1399 943 1448 ex
957 1380 1098 1448 omnium
1113 1376 1298 1446 testimonio

133 1488 305 1556 admodum
328 1486 541 1571 indiligenter
564 1486 704 1556 rettulit:
727 1484 862 1560 Σόλωνος
883 1484 974 1558 οὕτως
994 1483 1298 1566 ὀνομάσαντος.

218 1611 397 1695 Aliquanto
435 1611 590 1681 fidentius
625 1611 798 1680 Atthidum
835 1613 980 1698 vestigio
1016 1613 1051 1680 iu
1088 1609 1299 1693 sequentibus

134 1719 173 1806 (ο.
213 1719 332 1805 XXII)
367 1725 619 1805 cognoscuntur.
675 1721 787 1789 Hebes
826 1719 879 1788 hio
912 1721 1032 1788 uudom
1066 1719 1157 1786 illem
1190 1735 1299 1786 rerum

133 1826 410 1894 enumerationem
458 1831 705 1910 temporumque
755 1825 1036 1911 observationem,
1094 1845 1179 1908 quoe
1232 1822 1299 1890 illis

134 1933 285 2016 operibus
323 1933 457 2017 proprie
493 1934 643 2001 hebetur.
700 1933 811 2015 Atque
855 1932 908 2000 hio
950 1953 1077 2017 quoque
1119 1937 1301 2000 statuemus

132 2039 345 2108 Aristotelem
383 2041 564 2124 complures
602 2039 698 2106 huius
736 2038 868 2123 generis
912 2048 1069 2109 auctores
1106 2038 1229 2108 adiisse
1265 2042 1301 2103 et

132 2145 285 2216 memorie
297 2165 407 2216 eorum
421 2153 610 2232 oomporete
624 2165 664 2216 ee
675 2146 923 2232 deprompsisse,
937 2167 1021 2230 quoe
1033 2149 1077 2216 ed
1088 2147 1138 2214 rei
1150 2143 1301 2228 publicae

131 2261 249 2324 stotum
273 2257 474 2338 spectabunt.

216 2380 362 2464 Quorum
386 2399 404 2447 e
426 2401 560 2450 numero
584 2399 666 2448 uuus
691 2381 851 2466 appellari
871 2387 981 2466 potest
1004 2377 1179 2451 Androtio.
1211 2377 1305 2463 Quae

131 2485 214 2553 euim
238 2487 293 2556 ille
327 2487 361 2554 iu
396 2489 537 2556 seouudo
561 2487 718 2556 Atthides
752 2488 836 2556 libro
871 2490 912 2559 de
946 2495 1113 2561 testarum
1140 2485 1307 2572 somogus

129 2593 277 2678 exposuit
288 2597 322 2680 1),
347 2595 436 2678 epod
458 2594 671 2663 Aristotelem
694 2595 894 2679 reperimus:

223 2717 291 2782 Ἀθ.
315 2723 381 2786 ool.
406 2742 437 2805 p.
462 2719 580 2803 24,15
934 2725 1109 2792 Androtio.

127 2829 174 2888 καὶ
228 2836 341 2910 πρῶτος
392 2828 582 2911 ιἰστρακίσθη
633 2837 688 2890 τῶν
732 2825 896 2912 Ἵππαρχος
918 2829 1084 2910 ὄΧᾶομοο
1098 2827 1232 2916 συγγενὴς
1249 2835 1304 2914 μὶν

127 2935 233 2996 ἐκείνου
259 2945 397 3016 σοῃινῶν
417 2932 582 3018 Ἵππαρχος
604 2932 687 3018 Xo'p
737 2930 771 3016 ἦν
792 2935 1066 3020 Πεισιστράτου..
1087 2988 1095 3003 .
1115 2943 1165 3003 καὶ
1188 2951 1302 3024 πρῶτος

126 3063 181 3116 μον
203 3040 377 3114 Κολλυτεύς,
402 3063 433 3126 p.
457 3039 511 3126 24,
536 3040 685 3111 12-152
738 3041 971 3126 ἐξωστρακίσθη,
1246 3063 1298 3116 τοῦ

127 3147 190 3210 τότε
217 3157 331 3228 πρῶτον
357 3146 514 3231 ἐχρήσαντο
540 3159 582 3229 τῷ
609 3147 687 3230 νόμῳ
736 3154 801 3232 περὶ
826 3148 875 3214 τὸν
897 3149 1096 3234 ὀστρακισμὸν
1118 3151 1207 3234 νόμον
1231 3157 1296 3222 τότε

125 3265 164 3332 τῷ
177 3259 245 3336 περὶ
260 3266 313 3318 τοῦ
327 3255 533 3338 ὀστρακισμοῦ,
551 3253 583 3328 ὃς
598 3261 687 3336 ἐτίθη
736 3267 849 3338 πρῶτον
870 3261 1009 3330 τιθέντος
1023 3255 1073 3320 διὰ
1092 3256 1143 3339 τὴν
1165 3264 1296 3344 ὑποψίαι

125 3359 172 3423 διὰ
206 3359 257 3442 τὴν
292 3365 424 3443 ὑποψίαν
461 3371 516 3424 τῶν
553 3369 583 3426 ἐν
619 3377 685 3438 ταῖς
734 3375 789 3428 τῶν
811 3367 877 3449 mpl

124 3466 286 3548 δυνάμεσιν,
333 3473 349 3530 ὁ
383 3467 437 3552 ylp
469 3469 684 3556 Πεισιστρατος
892 3475 1117 3554 Πιισίστρατον,
1141 3469 1183 3538 ὅτι
1206 3479 1294 3556 δημα-

123 3573 290 3658 θημαγωγὸς
334 3579 383 3639 καὶ
436 3576 596 3660 στρατηγὸς
645 3577 682 3642 ὧν
733 3577 823 3664 γωγός
849 3577 962 3644 ὤνκαὶ
993 3577 1151 3663 στρατηγὸς
1178 3581 1293 3666 despeir-

122 3679 261 3764 rdpoenoc
284 3688 415 3763 κατέστη.
733 3712 826 3770 rpem.

211 3787 355 3873 Quorum
379 3791 552 3859 verborum
578 3801 739 3862 eoueeutu
762 3795 950 3862 illustretur
964 3790 1177 3862 Aristotelem
1200 3805 1237 3863 ut
1252 3815 1293 3864 ex

121 3896 291 3964 Herodoto
308 3898 562 3982 Thucydideque
585 3902 634 3968 ite
651 3919 692 3968 ex
709 3899 982 3986 Atthidogrophis
1006 3901 1198 3969 adverbum
1220 3901 1292 3972 iere

120 4023 174 4070 res
191 4006 438 4092 deprompsisse.
471 4008 546 4074 Uuo
569 4013 681 4076 tameu
705 4009 849 4078 ooourrit
872 4009 1093 4092 discrepantis
1111 4017 1291 4080 memoratu

121 4113 232 4196 digua.
278 4115 402 4200 Legem
425 4115 514 4184 illem
537 4117 650 4184 dotum
675 4135 747 4186 esse
783 4117 867 4186 dixit
889 4115 1124 4200 Horpoomtio:
1159 4115 1209 4182 ool
1241 4116 1292 4202 ιὴι

120 4221 253 4298 ὑποψίαν
274 4231 329 4282 τῶν
352 4225 417 4302 aopi
441 4225 664 4304 Πεισίστρατον,
687 4223 899 4294 Arisidtelodi
933 4221 983 4288 ead
1011 4221 1061 4308 τὴν
1085 4223 1215 4310 inedias
1237 4235 1294 4294 τῶν

211 4397 231 4468 ¹)
250 4397 425 4468 flsrpoomtm
444 4415 466 4456 ι.
486 4417 512 4462 v.
525 4395 770 4476 “mmmmm
788 4401 847 4476 reg.
866 4405 884 4464 p
901 4400 940 4464 ii.
