3144 4826
244 602 418 688 ἡττηθέντος
446 607 565 670 δἀὐτοῦ
580 592 638 668 καλ
674 603 802 686 τελευτή·

244 733 349 786 σαντες
380 709 429 776 διὰ
457 709 491 776 τὸ
514 713 623 776 Κινέαν
651 715 802 795 βοηθῆσαι

243 818 292 884 τὸν
339 817 484 884 Θετταλὸν
540 817 643 904 έχοντα
698 822 803 903 χιλίους

244 931 348 1002 ιἰιπιῖς,

244 1515 507 1599 προσορχισδέντες
565 1524 605 1594 τῷ
661 1513 801 1596 γενομένω

243 1621 410 1703 Κλεομένην
431 1621 598 1704 ἐξέπεμψαν
612 1619 662 1684 τδν
676 1620 802 1703 βασιλέα

244 1729 345 1792 στόλον
368 1727 468 1813 έχοντα
490 1727 579 1810 μείζω

437 2046 512 2112 κατὰ
529 2058 590 2132 γῆν,

523 2153 555 2228 ές
577 2159 639 2219 ἐπεὶ
661 2154 728 2229 τοὺς
749 2166 805 2220 τῶν

246 2265 397 2330 Θετταλῶν
419 2269 517 2335 ἱππεῖς
539 2267 665 2344 ἐνίκησεν
685 2259 804 2326 κωλέον-

244 2395 297 2445 τας
308 2369 396 2435 αὐτὸν
408 2376 448 2444 είς
457 2369 507 2452 τὴν
515 2369 646 2451 Ἀττικὴν
661 2376 805 2453 παριέναι,

245 2801 428 2882 καταντλήσας
460 2799 511 2863 τὸν
541 2801 662 2862 Ἱππίαν
695 2804 735 2873 εἰς
771 2797 805 2863 τδ

245 2909 417 2988 καλούμενον
432 2905 616 2991 Πελαργικὸν
634 2920 727 2992 τεῖχος
742 2913 805 2970 έπο

244 3017 351 3098 λιιέρκει
374 3013 448 3095 μετὰ
470 3025 525 3078 τῶν
543 3014 715 3095 Ἀθηναίων.

246 3502 491 3579 προσκαθημένου
507 3499 531 3560 δ
550 3496 639 3560 αὐτοῦ
650 3499 806 3558 συνέπεσεν

352 3709 521 3786 ὑπεξιόντας

246 3820 352 3883 α’λῶνυι
379 3815 446 3892 τοὺς
474 3827 529 3883 τῶν
559 3820 807 3897 Πεισιστρατιδῶν

334 3931 411 3998 υἱεῖς.

360 4027 398 4094 ὧν
420 4034 591 4112 ληφθέντων

739 4141 806 4219 ὅμο-

246 4247 343 4328 λοχίαν
366 4248 411 4306 ἐπὶ
432 4255 466 4326 τῇ
489 4256 543 4310 τῶν
555 4250 666 4309 παίδων
679 4248 805 4328 σωτηρίη

247 4352 433 4432 ποιησάμενοι
471 4355 520 4415 καλ
558 4351 595 4415 τὰ
633 4358 739 4418 ἑαυτῶν
777 4360 806 4416 ἐν

1235 507 1265 566 ολ
1286 503 1317 566 δέ
1340 505 1411 568 Πει·

855 609 1041 688 σιστρατίδαι
1072 605 1259 672 ἐπεκαλέοντο
1282 614 1314 672 ίιι
1339 611 1412 676 Θεσ-

856 716 958 795 σαλίης
992 719 1175 797 ἐπικουρίην.
1204 767 1212 783 .
1240 717 1412 781 .Θεσσοιλοὶ

856 827 890 886 δέ
925 845 997 905 σφιν
1033 821 1215 906 ἀπέπεμψαν
1258 826 1345 907 χιλίην
1380 844 1412 885 τε

857 930 946 995 ι’ππον
997 934 1047 994 καλ
1096 929 1146 994 τὸν
1196 928 1321 1013 βασιλέα
1363 928 1413 994 τὸν

857 1037 999 1123 σφέτερον
1024 1035 1197 1118 Κινέην...
1214 1037 1326 1126 ampla
1355 1059 1414 1126 pu-

855 1169 941 1236 gnae
963 1145 1136 1221 narratio.
1163 1196 1170 1212 .
1193 1143 1416 1215 .Anohimolii

856 1253 1088 1324 interitus...

1078 1413 1121 1496 V,
1149 1415 1193 1483 64

856 1519 930 1602 μετοέ
981 1523 1013 1586 δέ
1058 1519 1287 1603 Λακεδαιμόνιοι
1339 1517 1417 1601 μέζω

857 1629 959 1694 στόλον
981 1631 1144 1702 στείλαντες
1167 1627 1349 1711 ἀπέπεμψαν
1370 1631 1416 1690 ἐπὶ

857 1735 1050 1823 τὰςἈθήνας,
1059 1734 1273 1821 στρατηηδντῆς
1281 1744 1417 1818 στρατιῆς

858 1843 1053 1920 ἀποδέξαντες
1106 1847 1231 1928 βασιλέα
1289 1841 1417 1921 Κλεομέ

857 1979 932 2018 νεα.
959 2006 967 2022 .
993 1952 1112 2024 ,οὐκέτι
1146 1951 1222 2016 κατὰ
1256 1949 1417 2014 θάλασσαν

858 2065 1021 2134 στείλαντες
1065 2059 1141 2126 ἀλλὰ
1185 2063 1247 2124 κατ’
1292 2054 1417 2140 ἤπειρον·

857 2182 918 2242 τοϊς
951 2172 1122 2252 ἐσβαλοέσιυ
1156 2174 1186 2242 ἐς
1213 2165 1264 2248 τὴν
1289 2162 1419 2245 Ἀττικὴν

859 2282 875 2359 ἢ
903 2287 957 2340 τῶν
995 2278 1153 2353 Θεσσαλῶν
1193 2273 1281 2346 έπνιος
1322 2269 1419 2353 προέτη

859 2382 1014 2466 προσέμιξε
1048 2388 1096 2447 καλ
1131 2385 1165 2447 οὐ
1200 2381 1274 2462 μετὰ
1312 2377 1418 2442 πολλὸν

859 2492 997 2574 ἐτροέιιετο
1105 2490 1271 2570 Κλεομένης
1298 2489 1329 2551 δέ
1353 2489 1417 2551 οέπι-

859 2601 977 2682 κόμενος
1011 2606 1040 2673 ἐς
1073 2597 1106 2662 τέ
1130 2595 1205 2662 σἰστυ
1239 2593 1300 2675 ἅμα
1330 2594 1418 2674 Ἀθη-

859 2715 946 2772 ναίων
982 2721 1043 2780 τοῖς
1086 2702 1300 2790 βουλομένοισιν
1345 2701 1418 2765 εἶναι

859 2813 1056 2896 ἐλευθέρωσιν
1087 2811 1244 2894 ἐπολιόρκει
1274 2808 1341 2883 τοὺς
1373 2832 1417 2871 τυ-

858 2921 979 3004 ροέννους
1012 2918 1211 3004 ἀπεργμένους
1245 2924 1336 2997 ἐντῷ
1360 2922 1417 2980 Πε-

858 3027 984 3112 λοέρηικῷ
1003 3032 1097 3112 τείχεϊ.

1083 3172 1123 3258 V,
1148 3169 1190 3238 65

859 3282 907 3342 καὶ
941 3276 1025 3342 οὐδέν
1046 3301 1074 3341 τι
1096 3278 1210 3352 ποέντως
1243 3275 1280 3341 έέν
1310 3276 1419 3354 ἐξεῖλον

858 3383 926 3458 τοὺς
970 3391 1219 3470 Πεισιστρατίδας
1256 3391 1284 3448 οί
1321 3390 1418 3449 Λακε-

859 3492 1001 3574 δαιμόνιοι
1026 3543 1034 3562 .
1063 3544 1070 3562 .
1099 3547 1106 3562 .
1134 3503 1182 3557 νῦν
1220 3494 1252 3558 δέ
1289 3497 1419 3575 συντυχίη

858 3610 919 3674 τοῖς
940 3604 992 3684 μέν
1015 3599 1089 3682 κακὴ
1118 3599 1275 3684 ἐπεγένετο,
1305 3612 1365 3672 τοῖς
1388 3602 1418 3662 δέ

860 3713 877 3791 ἡ
915 3707 988 3790 αὐτὴ
1025 3705 1097 3788 αέπη
1134 3707 1292 3792 σύμμαχος·
1336 3712 1419 3772 ὑπεκ-

859 3815 1006 3897 τιθέμενοι
1040 3815 1095 3899 χάρ
1118 3812 1172 3891 ἔξω
1198 3826 1248 3897 τῆς
1280 3814 1370 3900 χοέρης
1392 3821 1421 3878 οἱ

860 3930 962 3997 παῖδες
983 3935 1038 3988 τῶν
1060 3923 1323 4006 Πεισιστρατιδέων
1352 3920 1419 3994 έιλω-
1450 3953 1452 3961 ·

860 4054 925 4098 σαν.
970 4041 1056 4095 τοῦτο
1083 4032 1114 4094 δέ
1137 4035 1174 4104 ὡς
1201 4029 1321 4116 ἐγένετο,
1350 4029 1419 4093 πιέν-

859 4163 898 4201 τα
920 4141 1014 4201 αὐτῶν
1047 4135 1084 4200 τοὶ
1119 4135 1276 4221 πράγματα
1309 4161 1419 4201 συνετε-

859 4243 998 4328 τοέροικτο,
1052 4246 1239 4326 παρέστησαν
1291 4247 1322 4310 δέ
1373 4250 1418 4308 ἐπὶ

858 4361 961 4433 μισθῷ
991 4364 1052 4424 τοῖς
1084 4351 1234 4428 τέκνοισιν,
1271 4357 1313 4416 ἐπ’
1346 4350 1420 4417 οἶσιν
