<?xml version="1.0" encoding="UTF-8"?>
<!DOCTYPE html PUBLIC "-//W3C//DTD XHTML 1.0 Transitional//EN"
    "http://www.w3.org/TR/xhtml1/DTD/xhtml1-transitional.dtd">
<html xmlns="http://www.w3.org/1999/xhtml" xml:lang="en" lang="en">
 <head>
  <title>
</title>
<meta http-equiv="Content-Type" content="text/html;charset=utf-8" />
  <meta name='ocr-system' content='tesseract 3.04.00' />
  <meta name='ocr-capabilities' content='ocr_page ocr_carea ocr_par ocr_line ocrx_word'/>
</head>
<body>
  <div class='ocr_page' id='page_1' title='image "./quibusauctoribu00hellgoog_0024.png"; bbox 0 0 3144 4826; ppageno 0'>
   <div class='ocr_carea' id='block_1_1' title="bbox 739 299 780 368">
    <p class='ocr_par' dir='ltr' id='par_1_1' title="bbox 739 299 780 368">
     <span class='ocr_line' id='line_1_1' title="bbox 739 299 780 368; baseline 0 0"><span class='ocrx_word' id='word_1_1' title='bbox 739 299 780 368; x_wconf 77' lang='lat' dir='ltr'>ii</span> 
     </span>
    </p>
   </div>
   <div class='ocr_carea' id='block_1_2' title="bbox 178 495 1358 4160">
    <p class='ocr_par' dir='ltr' id='par_1_2' title="bbox 178 495 1348 1448">
     <span class='ocr_line' id='line_1_2' title="bbox 185 495 1346 587; baseline -0.002 -17"><span class='ocrx_word' id='word_1_2' title='bbox 185 497 352 580; x_wconf 67' lang='lat' dir='ltr'>remmus,</span> <span class='ocrx_word' id='word_1_3' title='bbox 387 517 472 587; x_wconf 74' lang='lat' dir='ltr'>guae</span> <span class='ocrx_word' id='word_1_4' title='bbox 506 519 546 566; x_wconf 90' lang='lat' dir='ltr'>eo</span> <span class='ocrx_word' id='word_1_5' title='bbox 581 497 827 568; x_wconf 74' lang='lat' dir='ltr'>commendatur</span> <span class='ocrx_word' id='word_1_6' title='bbox 861 495 952 586; x_wconf 90' lang='lat' dir='ltr'>quod</span> <span class='ocrx_word' id='word_1_7' title='bbox 984 495 1205 586; x_wconf 67' lang='lat' dir='ltr'>probabiliter</span> <span class='ocrx_word' id='word_1_8' title='bbox 1236 497 1346 568; x_wconf 74' lang='lat' dir='ltr'>evenit</span> 
     </span>
     <span class='ocr_line' id='line_1_3' title="bbox 185 603 1347 695; baseline 0 -21"><span class='ocrx_word' id='word_1_9' title='bbox 185 603 372 680; x_wconf 73' lang='lat' dir='ltr'>Aristotelis</span> <span class='ocrx_word' id='word_1_10' title='bbox 402 607 570 674; x_wconf 71' lang='lat' dir='ltr'>duetorem</span> <span class='ocrx_word' id='word_1_11' title='bbox 597 604 779 694; x_wconf 76' lang='lat' dir='ltr'>proiectum</span> <span class='ocrx_word' id='word_1_12' title='bbox 803 606 844 673; x_wconf 89' lang='lat' dir='ltr'>ab</span> <span class='ocrx_word' id='word_1_13' title='bbox 866 603 1048 686; x_wconf 70' lang='lat' dir='ltr'>Herodoto,</span> <span class='ocrx_word' id='word_1_14' title='bbox 1080 604 1137 695; x_wconf 91' lang='lat' dir='ltr'>qui</span> <span class='ocrx_word' id='word_1_15' title='bbox 1165 609 1347 694; x_wconf 57' lang='lat' dir='ltr'>munuum</span> 
     </span>
     <span class='ocr_line' id='line_1_4' title="bbox 182 713 1346 804; baseline -0.002 -20"><span class='ocrx_word' id='word_1_16' title='bbox 182 737 241 804; x_wconf 84' lang='lat' dir='ltr'>per</span> <span class='ocrx_word' id='word_1_17' title='bbox 263 713 376 784; x_wconf 61' lang='lat' dir='ltr'>meam</span> <span class='ocrx_word' id='word_1_18' title='bbox 397 735 501 782; x_wconf 80' lang='lat' dir='ltr'>eunus</span> <span class='ocrx_word' id='word_1_19' title='bbox 520 713 559 782; x_wconf 85' lang='lat' dir='ltr'>in</span> <span class='ocrx_word' id='word_1_20' title='bbox 581 713 698 782; x_wconf 81' lang='lat' dir='ltr'>exsilio</span> <span class='ocrx_word' id='word_1_21' title='bbox 722 719 891 784; x_wconf 82' lang='lat' dir='ltr'>versutum</span> <span class='ocrx_word' id='word_1_22' title='bbox 919 737 993 784; x_wconf 81' lang='lat' dir='ltr'>esse</span> <span class='ocrx_word' id='word_1_23' title='bbox 1019 713 1169 795; x_wconf 81' lang='lat' dir='ltr'>tradidit,</span> <span class='ocrx_word' id='word_1_24' title='bbox 1200 714 1346 804; x_wconf 86' lang='lat' dir='ltr'>reliques</span> 
     </span>
     <span class='ocr_line' id='line_1_5' title="bbox 181 819 1345 914; baseline 0 -24"><span class='ocrx_word' id='word_1_25' title='bbox 181 819 224 890; x_wconf 72' lang='grc'>23</span> <span class='ocrx_word' id='word_1_26' title='bbox 252 843 357 890; x_wconf 80' lang='lat' dir='ltr'>auses</span> <span class='ocrx_word' id='word_1_27' title='bbox 390 819 435 890; x_wconf 85' lang='lat' dir='ltr'>ad</span> <span class='ocrx_word' id='word_1_28' title='bbox 467 820 636 890; x_wconf 79' lang='lat' dir='ltr'><strong>libidinem</strong></span> <span class='ocrx_word' id='word_1_29' title='bbox 668 823 704 890; x_wconf 93' lang='lat' dir='ltr'>in</span> <span class='ocrx_word' id='word_1_30' title='bbox 737 845 860 912; x_wconf 88' lang='lat' dir='ltr'>aequas</span> <span class='ocrx_word' id='word_1_31' title='bbox 894 827 1009 914; x_wconf 68' lang='lat' dir='ltr'>partes</span> <span class='ocrx_word' id='word_1_32' title='bbox 1044 823 1199 892; x_wconf 75' lang='lat' dir='ltr'>divisisse</span> <span class='ocrx_word' id='word_1_33' title='bbox 1231 824 1345 912; x_wconf 76' lang='lat' dir='ltr'>itaque</span> 
     </span>
     <span class='ocr_line' id='line_1_6' title="bbox 178 927 1348 1020; baseline 0.003 -26"><span class='ocrx_word' id='word_1_34' title='bbox 178 928 285 1019; x_wconf 81' lang='lat' dir='ltr'>prime</span> <span class='ocrx_word' id='word_1_35' title='bbox 305 927 445 1016; x_wconf 73' lang='lat' dir='ltr'>imperio</span> <span class='ocrx_word' id='word_1_36' title='bbox 475 929 618 1018; x_wconf 85' lang='lat' dir='ltr'>quinque</span> <span class='ocrx_word' id='word_1_37' title='bbox 645 951 757 1010; x_wconf 83' lang='lat' dir='ltr'>annes,</span> <span class='ocrx_word' id='word_1_38' title='bbox 789 928 933 998; x_wconf 82' lang='lat' dir='ltr'>seeundo</span> <span class='ocrx_word' id='word_1_39' title='bbox 963 935 998 998; x_wconf 89' lang='lat' dir='ltr'>et</span> <span class='ocrx_word' id='word_1_40' title='bbox 1024 931 1125 1000; x_wconf 85' lang='lat' dir='ltr'>tertio</span> <span class='ocrx_word' id='word_1_41' title='bbox 1152 930 1289 1020; x_wconf 84' lang='lat' dir='ltr'>imperio</span> <span class='ocrx_word' id='word_1_42' title='bbox 1312 935 1348 998; x_wconf 90' lang='lat' dir='ltr'>et</span> 
     </span>
     <span class='ocr_line' id='line_1_7' title="bbox 180 1033 1346 1128; baseline 0.001 -23"><span class='ocrx_word' id='word_1_43' title='bbox 180 1033 324 1109; x_wconf 72' lang='lat' dir='ltr'>seeundo</span> <span class='ocrx_word' id='word_1_44' title='bbox 347 1035 464 1108; x_wconf 70' lang='lat' dir='ltr'>emitto</span> <span class='ocrx_word' id='word_1_45' title='bbox 486 1057 585 1104; x_wconf 87' lang='lat' dir='ltr'>senos</span> <span class='ocrx_word' id='word_1_46' title='bbox 607 1059 712 1104; x_wconf 84' lang='lat' dir='ltr'>annes</span> <span class='ocrx_word' id='word_1_47' title='bbox 734 1037 908 1122; x_wconf 87' lang='lat' dir='ltr'>tribuisse;</span> <span class='ocrx_word' id='word_1_48' title='bbox 934 1060 1130 1128; x_wconf 84' lang='lat' dir='ltr'>quamquam</span> <span class='ocrx_word' id='word_1_49' title='bbox 1148 1039 1201 1106; x_wconf 85' lang='lat' dir='ltr'>sie</span> <span class='ocrx_word' id='word_1_50' title='bbox 1217 1060 1346 1128; x_wconf 82' lang='lat' dir='ltr'>quoque</span> 
     </span>
     <span class='ocr_line' id='line_1_8' title="bbox 182 1141 1347 1234; baseline 0 -22"><span class='ocrx_word' id='word_1_51' title='bbox 182 1141 298 1212; x_wconf 72' lang='lat' dir='ltr'>nuum</span> <span class='ocrx_word' id='word_1_52' title='bbox 336 1141 469 1210; x_wconf 84' lang='lat' dir='ltr'>videtur</span> <span class='ocrx_word' id='word_1_53' title='bbox 508 1144 628 1216; x_wconf 85' lang='lat' dir='ltr'>bonum</span> <span class='ocrx_word' id='word_1_54' title='bbox 666 1143 761 1212; x_wconf 85' lang='lat' dir='ltr'>illum</span> <span class='ocrx_word' id='word_1_55' title='bbox 799 1149 1061 1233; x_wconf 75' lang='lat' dir='ltr'>computatorem</span> <span class='ocrx_word' id='word_1_56' title='bbox 1104 1145 1244 1234; x_wconf 85' lang='lat' dir='ltr'>triginta</span> <span class='ocrx_word' id='word_1_57' title='bbox 1288 1167 1347 1212; x_wconf 81' lang='lat' dir='ltr'>sex</span> 
     </span>
     <span class='ocr_line' id='line_1_9' title="bbox 183 1249 1347 1335; baseline 0.002 -17"><span class='ocrx_word' id='word_1_58' title='bbox 183 1269 340 1318; x_wconf 75' lang='lat' dir='ltr'>nussum</span> <span class='ocrx_word' id='word_1_59' title='bbox 379 1269 462 1330; x_wconf 82' lang='lat' dir='ltr'>ques</span> <span class='ocrx_word' id='word_1_60' title='bbox 497 1249 586 1318; x_wconf 85' lang='lat' dir='ltr'>idem</span> <span class='ocrx_word' id='word_1_61' title='bbox 623 1250 815 1318; x_wconf 87' lang='lat' dir='ltr'>Herodotus</span> <span class='ocrx_word' id='word_1_62' title='bbox 848 1250 990 1335; x_wconf 74' lang='lat' dir='ltr'>tradidit</span> <span class='ocrx_word' id='word_1_63' title='bbox 1022 1251 1185 1320; x_wconf 87' lang='lat' dir='ltr'>rationem</span> <span class='ocrx_word' id='word_1_64' title='bbox 1219 1251 1347 1320; x_wconf 86' lang='lat' dir='ltr'>nullam</span> 
     </span>
     <span class='ocr_line' id='line_1_10' title="bbox 185 1354 1240 1448; baseline 0.004 -26"><span class='ocrx_word' id='word_1_65' title='bbox 185 1354 345 1436; x_wconf 70' lang='lat' dir='ltr'>habuisse,</span> <span class='ocrx_word' id='word_1_66' title='bbox 369 1355 430 1424; x_wconf 84' lang='lat' dir='ltr'>sed</span> <span class='ocrx_word' id='word_1_67' title='bbox 450 1356 626 1426; x_wconf 84' lang='lat' dir='ltr'>Aristoteli</span> <span class='ocrx_word' id='word_1_68' title='bbox 647 1357 759 1446; x_wconf 86' lang='lat' dir='ltr'>petius</span> <span class='ocrx_word' id='word_1_69' title='bbox 782 1358 844 1426; x_wconf 87' lang='lat' dir='ltr'>hoe</span> <span class='ocrx_word' id='word_1_70' title='bbox 867 1359 1035 1446; x_wconf 85' lang='lat' dir='ltr'>negotium</span> <span class='ocrx_word' id='word_1_71' title='bbox 1056 1359 1240 1448; x_wconf 79' lang='lat' dir='ltr'>reliquisse.</span> 
     </span>
    </p>

    <p class='ocr_par' dir='ltr' id='par_1_3' title="bbox 182 1480 1354 3606">
     <span class='ocr_line' id='line_1_11' title="bbox 269 1480 1347 1572; baseline 0.001 -22"><span class='ocrx_word' id='word_1_72' title='bbox 269 1480 337 1550; x_wconf 84' lang='lat' dir='ltr'>Sed</span> <span class='ocrx_word' id='word_1_73' title='bbox 367 1485 407 1548; x_wconf 88' lang='lat' dir='ltr'>ut</span> <span class='ocrx_word' id='word_1_74' title='bbox 432 1481 514 1551; x_wconf 76' lang='lat' dir='ltr'>haee</span> <span class='ocrx_word' id='word_1_75' title='bbox 537 1482 718 1564; x_wconf 78' lang='lat' dir='ltr'>mittemus,</span> <span class='ocrx_word' id='word_1_76' title='bbox 750 1483 880 1571; x_wconf 84' lang='lat' dir='ltr'>opinari</span> <span class='ocrx_word' id='word_1_77' title='bbox 902 1484 982 1552; x_wconf 83' lang='lat' dir='ltr'>licet</span> <span class='ocrx_word' id='word_1_78' title='bbox 1004 1484 1198 1572; x_wconf 80' lang='lat' dir='ltr'>Stagiritem</span> <span class='ocrx_word' id='word_1_79' title='bbox 1220 1485 1281 1552; x_wconf 88' lang='lat' dir='ltr'>has</span> <span class='ocrx_word' id='word_1_80' title='bbox 1305 1483 1347 1551; x_wconf 90' lang='lat' dir='ltr'>de</span> 
     </span>
     <span class='ocr_line' id='line_1_12' title="bbox 183 1587 1347 1679; baseline 0.002 -23"><span class='ocrx_word' id='word_1_81' title='bbox 183 1587 302 1676; x_wconf 81' lang='lat' dir='ltr'>quibus</span> <span class='ocrx_word' id='word_1_82' title='bbox 337 1588 451 1676; x_wconf 83' lang='lat' dir='ltr'>agitur</span> <span class='ocrx_word' id='word_1_83' title='bbox 497 1611 660 1657; x_wconf 84' lang='lat' dir='ltr'>annorum</span> <span class='ocrx_word' id='word_1_84' title='bbox 700 1591 963 1679; x_wconf 81' lang='lat' dir='ltr'>eomputationes</span> <span class='ocrx_word' id='word_1_85' title='bbox 1001 1591 1132 1658; x_wconf 85' lang='lat' dir='ltr'>omnino</span> <span class='ocrx_word' id='word_1_86' title='bbox 1170 1613 1235 1658; x_wconf 88' lang='lat' dir='ltr'>non</span> <span class='ocrx_word' id='word_1_87' title='bbox 1274 1611 1347 1658; x_wconf 88' lang='lat' dir='ltr'>esse</span> 
     </span>
     <span class='ocr_line' id='line_1_13' title="bbox 182 1695 1347 1787; baseline 0.002 -25"><span class='ocrx_word' id='word_1_88' title='bbox 182 1697 370 1766; x_wconf 67' lang='lat' dir='ltr'>mumtum</span> <span class='ocrx_word' id='word_1_89' title='bbox 403 1695 462 1764; x_wconf 86' lang='lat' dir='ltr'>sed</span> <span class='ocrx_word' id='word_1_90' title='bbox 503 1697 614 1786; x_wconf 89' lang='lat' dir='ltr'>ipsum</span> <span class='ocrx_word' id='word_1_91' title='bbox 648 1695 843 1765; x_wconf 84' lang='lat' dir='ltr'>instituisse.</span> <span class='ocrx_word' id='word_1_92' title='bbox 890 1698 938 1766; x_wconf 91' lang='lat' dir='ltr'>Ut</span> <span class='ocrx_word' id='word_1_93' title='bbox 968 1697 1027 1766; x_wconf 86' lang='lat' dir='ltr'>alii</span> <span class='ocrx_word' id='word_1_94' title='bbox 1055 1697 1190 1787; x_wconf 88' lang='lat' dir='ltr'>saepius</span> <span class='ocrx_word' id='word_1_95' title='bbox 1221 1702 1256 1765; x_wconf 90' lang='lat' dir='ltr'>et</span> <span class='ocrx_word' id='word_1_96' title='bbox 1287 1719 1347 1766; x_wconf 88' lang='lat' dir='ltr'>nos</span> 
     </span>
     <span class='ocr_line' id='line_1_14' title="bbox 182 1801 1347 1894; baseline 0.003 -26"><span class='ocrx_word' id='word_1_97' title='bbox 182 1824 285 1890; x_wconf 80' lang='lat' dir='ltr'>supra</span> <span class='ocrx_word' id='word_1_98' title='bbox 306 1801 518 1883; x_wconf 82' lang='lat' dir='ltr'>defendimus,</span> <span class='ocrx_word' id='word_1_99' title='bbox 543 1807 677 1872; x_wconf 84' lang='lat' dir='ltr'>secutus</span> <span class='ocrx_word' id='word_1_100' title='bbox 701 1807 755 1872; x_wconf 91' lang='lat' dir='ltr'>est</span> <span class='ocrx_word' id='word_1_101' title='bbox 775 1803 993 1894; x_wconf 87' lang='lat' dir='ltr'>philosophus</span> <span class='ocrx_word' id='word_1_102' title='bbox 1022 1804 1057 1872; x_wconf 89' lang='lat' dir='ltr'>in</span> <span class='ocrx_word' id='word_1_103' title='bbox 1079 1806 1179 1872; x_wconf 90' lang='lat' dir='ltr'>rebus</span> <span class='ocrx_word' id='word_1_104' title='bbox 1202 1803 1246 1871; x_wconf 89' lang='lat' dir='ltr'>ad</span> <span class='ocrx_word' id='word_1_105' title='bbox 1267 1808 1347 1872; x_wconf 89' lang='lat' dir='ltr'>tem-</span> 
     </span>
     <span class='ocr_line' id='line_1_15' title="bbox 182 1910 1347 2001; baseline 0.002 -25"><span class='ocrx_word' id='word_1_106' title='bbox 182 1931 302 1997; x_wconf 85' lang='lat' dir='ltr'>porum</span> <span class='ocrx_word' id='word_1_107' title='bbox 323 1910 442 1978; x_wconf 84' lang='lat' dir='ltr'>seriem</span> <span class='ocrx_word' id='word_1_108' title='bbox 464 1911 693 2000; x_wconf 73' lang='lat' dir='ltr'>spectantibus</span> <span class='ocrx_word' id='word_1_109' title='bbox 708 1910 887 1980; x_wconf 84' lang='lat' dir='ltr'>Atthidum</span> <span class='ocrx_word' id='word_1_110' title='bbox 902 1911 1092 2000; x_wconf 75' lang='lat' dir='ltr'>scriptores,</span> <span class='ocrx_word' id='word_1_111' title='bbox 1117 1934 1199 2001; x_wconf 87' lang='lat' dir='ltr'>quos</span> <span class='ocrx_word' id='word_1_112' title='bbox 1221 1912 1271 1978; x_wconf 92' lang='lat' dir='ltr'>ita</span> <span class='ocrx_word' id='word_1_113' title='bbox 1292 1934 1347 1979; x_wconf 88' lang='lat' dir='ltr'>res</span> 
     </span>
     <span class='ocr_line' id='line_1_16' title="bbox 183 2015 1349 2106; baseline -0.001 -22"><span class='ocrx_word' id='word_1_114' title='bbox 183 2037 356 2084; x_wconf 71' lang='lat' dir='ltr'>enarrasse</span> <span class='ocrx_word' id='word_1_115' title='bbox 378 2015 451 2084; x_wconf 84' lang='lat' dir='ltr'>veri</span> <span class='ocrx_word' id='word_1_116' title='bbox 473 2016 583 2084; x_wconf 80' lang='lat' dir='ltr'>simiis</span> <span class='ocrx_word' id='word_1_117' title='bbox 606 2021 667 2097; x_wconf 84' lang='lat' dir='ltr'>est,</span> <span class='ocrx_word' id='word_1_118' title='bbox 698 2020 738 2084; x_wconf 89' lang='lat' dir='ltr'>ut</span> <span class='ocrx_word' id='word_1_119' title='bbox 760 2040 845 2106; x_wconf 89' lang='lat' dir='ltr'>quae</span> <span class='ocrx_word' id='word_1_120' title='bbox 867 2017 1007 2104; x_wconf 85' lang='lat' dir='ltr'>singulis</span> <span class='ocrx_word' id='word_1_121' title='bbox 1030 2017 1128 2086; x_wconf 86' lang='lat' dir='ltr'>annis</span> <span class='ocrx_word' id='word_1_122' title='bbox 1150 2021 1247 2105; x_wconf 72' lang='lat' dir='ltr'>gestu</span> <span class='ocrx_word' id='word_1_123' title='bbox 1269 2021 1349 2084; x_wconf 85' lang='lat' dir='ltr'>sunt</span> 
     </span>
     <span class='ocr_line' id='line_1_17' title="bbox 183 2121 1348 2213; baseline 0.002 -23"><span class='ocrx_word' id='word_1_124' title='bbox 183 2121 398 2210; x_wconf 74' lang='lat' dir='ltr'>magistratus</span> <span class='ocrx_word' id='word_1_125' title='bbox 421 2123 544 2191; x_wconf 89' lang='lat' dir='ltr'>nomini</span> <span class='ocrx_word' id='word_1_126' title='bbox 566 2122 824 2210; x_wconf 81' lang='lat' dir='ltr'>adhaererentl)</span> <span class='ocrx_word' id='word_1_127' title='bbox 869 2123 937 2192; x_wconf 86' lang='lat' dir='ltr'>Sed</span> <span class='ocrx_word' id='word_1_128' title='bbox 963 2125 1137 2213; x_wconf 78' lang='lat' dir='ltr'>quaeritur</span> <span class='ocrx_word' id='word_1_129' title='bbox 1166 2135 1246 2192; x_wconf 83' lang='lat' dir='ltr'>11um</span> <span class='ocrx_word' id='word_1_130' title='bbox 1273 2146 1348 2212; x_wconf 87' lang='lat' dir='ltr'>spa·</span> 
     </span>
     <span class='ocr_line' id='line_1_18' title="bbox 182 2229 1349 2318; baseline 0 -22"><span class='ocrx_word' id='word_1_131' title='bbox 182 2229 265 2296; x_wconf 88' lang='lat' dir='ltr'>tium</span> <span class='ocrx_word' id='word_1_132' title='bbox 298 2253 459 2298; x_wconf 80' lang='lat' dir='ltr'>annorum</span> <span class='ocrx_word' id='word_1_133' title='bbox 494 2230 582 2313; x_wconf 88' lang='lat' dir='ltr'>qued</span> <span class='ocrx_word' id='word_1_134' title='bbox 614 2231 703 2298; x_wconf 89' lang='lat' dir='ltr'>inter</span> <span class='ocrx_word' id='word_1_135' title='bbox 736 2255 789 2298; x_wconf 90' lang='lat' dir='ltr'>res</span> <span class='ocrx_word' id='word_1_136' title='bbox 824 2229 970 2298; x_wconf 88' lang='lat' dir='ltr'>eiusdem</span> <span class='ocrx_word' id='word_1_137' title='bbox 1007 2231 1139 2318; x_wconf 89' lang='lat' dir='ltr'>generis</span> <span class='ocrx_word' id='word_1_138' title='bbox 1172 2229 1349 2298; x_wconf 80' lang='lat' dir='ltr'>intercedit</span> 
     </span>
     <span class='ocr_line' id='line_1_19' title="bbox 184 2336 1347 2426; baseline -0.001 -22"><span class='ocrx_word' id='word_1_139' title='bbox 184 2337 450 2426; x_wconf 84' lang='lat' dir='ltr'>eomputaveriut</span> <span class='ocrx_word' id='word_1_140' title='bbox 470 2337 584 2426; x_wconf 66' lang='lat' dir='ltr'>imque</span> <span class='ocrx_word' id='word_1_141' title='bbox 607 2338 715 2405; x_wconf 83' lang='lat' dir='ltr'>omnis</span> <span class='ocrx_word' id='word_1_142' title='bbox 737 2339 772 2404; x_wconf 90' lang='lat' dir='ltr'>in</span> <span class='ocrx_word' id='word_1_143' title='bbox 795 2338 911 2404; x_wconf 89' lang='lat' dir='ltr'>utilem</span> <span class='ocrx_word' id='word_1_144' title='bbox 934 2359 1118 2406; x_wconf 84' lang='lat' dir='ltr'>eonnexum</span> <span class='ocrx_word' id='word_1_145' title='bbox 1141 2336 1347 2424; x_wconf 79' lang='lat' dir='ltr'>redegerint:</span> 
     </span>
     <span class='ocr_line' id='line_1_20' title="bbox 183 2442 1349 2534; baseline 0 -24"><span class='ocrx_word' id='word_1_146' title='bbox 183 2442 475 2534; x_wconf 84' lang='lat' dir='ltr'>Dionysiiquidem</span> <span class='ocrx_word' id='word_1_147' title='bbox 481 2445 788 2514; x_wconf 73' lang='lat' dir='ltr'>Heliemnassensis</span> <span class='ocrx_word' id='word_1_148' title='bbox 799 2467 952 2533; x_wconf 76' lang='lat' dir='ltr'>asperum</span> <span class='ocrx_word' id='word_1_149' title='bbox 966 2444 1152 2532; x_wconf 57' lang='lat' dir='ltr'>iudicium)</span> <span class='ocrx_word' id='word_1_150' title='bbox 1163 2465 1349 2534; x_wconf 85' lang='lat' dir='ltr'>repugnare</span> 
     </span>
     <span class='ocr_line' id='line_1_21' title="bbox 184 2549 1349 2642; baseline 0.001 -25"><span class='ocrx_word' id='word_1_151' title='bbox 184 2549 327 2620; x_wconf 82' lang='lat' dir='ltr'>videtur.</span> <span class='ocrx_word' id='word_1_152' title='bbox 371 2553 492 2642; x_wconf 64' lang='lat' dir='ltr'>Imque</span> <span class='ocrx_word' id='word_1_153' title='bbox 515 2576 580 2620; x_wconf 89' lang='lat' dir='ltr'>non</span> <span class='ocrx_word' id='word_1_154' title='bbox 602 2554 752 2642; x_wconf 88' lang='lat' dir='ltr'>ineptum</span> <span class='ocrx_word' id='word_1_155' title='bbox 775 2557 828 2622; x_wconf 91' lang='lat' dir='ltr'>est</span> <span class='ocrx_word' id='word_1_156' title='bbox 849 2556 999 2620; x_wconf 80' lang='lat' dir='ltr'>statuere</span> <span class='ocrx_word' id='word_1_157' title='bbox 1017 2555 1059 2621; x_wconf 88' lang='lat' dir='ltr'>ab</span> <span class='ocrx_word' id='word_1_158' title='bbox 1074 2553 1147 2641; x_wconf 89' lang='lat' dir='ltr'>ipso</span> <span class='ocrx_word' id='word_1_159' title='bbox 1163 2551 1349 2620; x_wconf 79' lang='lat' dir='ltr'>Aristotele</span> 
     </span>
     <span class='ocr_line' id='line_1_22' title="bbox 185 2659 1349 2750; baseline 0.002 -26"><span class='ocrx_word' id='word_1_160' title='bbox 185 2661 275 2724; x_wconf 73' lang='lat' dir='ltr'>ortus</span> <span class='ocrx_word' id='word_1_161' title='bbox 305 2679 379 2726; x_wconf 90' lang='lat' dir='ltr'>esse</span> <span class='ocrx_word' id='word_1_162' title='bbox 405 2659 486 2728; x_wconf 81' lang='lat' dir='ltr'>illus</span> <span class='ocrx_word' id='word_1_163' title='bbox 516 2660 788 2750; x_wconf 79' lang='lat' dir='ltr'>computationes,</span> <span class='ocrx_word' id='word_1_164' title='bbox 819 2660 854 2726; x_wconf 93' lang='lat' dir='ltr'>in</span> <span class='ocrx_word' id='word_1_165' title='bbox 883 2659 1002 2748; x_wconf 89' lang='lat' dir='ltr'>quibus</span> <span class='ocrx_word' id='word_1_166' title='bbox 1033 2660 1131 2728; x_wconf 84' lang='lat' dir='ltr'>etium</span> <span class='ocrx_word' id='word_1_167' title='bbox 1161 2659 1349 2727; x_wconf 86' lang='lat' dir='ltr'>libertatem</span> 
     </span>
     <span class='ocr_line' id='line_1_23' title="bbox 184 2763 1350 2858; baseline 0.002 -26"><span class='ocrx_word' id='word_1_168' title='bbox 184 2763 347 2852; x_wconf 81' lang='lat' dir='ltr'>quendum</span> <span class='ocrx_word' id='word_1_169' title='bbox 369 2765 568 2858; x_wconf 84' lang='lat' dir='ltr'>philosopho</span> <span class='ocrx_word' id='word_1_170' title='bbox 592 2791 657 2836; x_wconf 89' lang='lat' dir='ltr'>nou</span> <span class='ocrx_word' id='word_1_171' title='bbox 679 2767 847 2855; x_wconf 81' lang='lat' dir='ltr'>indignam</span> <span class='ocrx_word' id='word_1_172' title='bbox 869 2767 1048 2856; x_wconf 78' lang='lat' dir='ltr'>perspicis:</span> <span class='ocrx_word' id='word_1_173' title='bbox 1073 2791 1148 2835; x_wconf 86' lang='lat' dir='ltr'>eum</span> <span class='ocrx_word' id='word_1_174' title='bbox 1170 2766 1350 2854; x_wconf 83' lang='lat' dir='ltr'>Stagirites</span> 
     </span>
     <span class='ocr_line' id='line_1_24' title="bbox 184 2869 1351 2964; baseline 0.002 -24"><span class='ocrx_word' id='word_1_175' title='bbox 184 2869 397 2940; x_wconf 83' lang='lat' dir='ltr'>Pisistratum</span> <span class='ocrx_word' id='word_1_176' title='bbox 424 2897 484 2963; x_wconf 89' lang='lat' dir='ltr'>per</span> <span class='ocrx_word' id='word_1_177' title='bbox 509 2875 650 2963; x_wconf 82' lang='lat' dir='ltr'>triginta</span> <span class='ocrx_word' id='word_1_178' title='bbox 679 2879 749 2943; x_wconf 87' lang='lat' dir='ltr'>tres</span> <span class='ocrx_word' id='word_1_179' title='bbox 777 2897 891 2955; x_wconf 87' lang='lat' dir='ltr'>annos,</span> <span class='ocrx_word' id='word_1_180' title='bbox 927 2873 1015 2942; x_wconf 85' lang='lat' dir='ltr'>filios</span> <span class='ocrx_word' id='word_1_181' title='bbox 1045 2897 1106 2964; x_wconf 87' lang='lat' dir='ltr'>per</span> <span class='ocrx_word' id='word_1_182' title='bbox 1128 2873 1351 2962; x_wconf 85' lang='lat' dir='ltr'>septendeeim</span> 
     </span>
     <span class='ocr_line' id='line_1_25' title="bbox 185 2978 1349 3067; baseline 0 -21"><span class='ocrx_word' id='word_1_183' title='bbox 185 2999 288 3046; x_wconf 82' lang='lat' dir='ltr'>annos</span> <span class='ocrx_word' id='word_1_184' title='bbox 318 2987 498 3067; x_wconf 78' lang='lat' dir='ltr'>regnantes</span> <span class='ocrx_word' id='word_1_185' title='bbox 527 2982 653 3062; x_wconf 84' lang='lat' dir='ltr'>feeerit,</span> <span class='ocrx_word' id='word_1_186' title='bbox 685 3005 807 3052; x_wconf 88' lang='lat' dir='ltr'>annum</span> <span class='ocrx_word' id='word_1_187' title='bbox 829 2980 982 3049; x_wconf 79' lang='lat' dir='ltr'>Philonsi</span> <span class='ocrx_word' id='word_1_188' title='bbox 1005 2981 1068 3067; x_wconf 79' lang='lat' dir='ltr'>(Oi</span> <span class='ocrx_word' id='word_1_189' title='bbox 1089 2978 1349 3066; x_wconf 64' lang='lat'><strong>63,1=52817)</strong></span> 
     </span>
     <span class='ocr_line' id='line_1_26' title="bbox 186 3087 1352 3178; baseline 0.002 -26"><span class='ocrx_word' id='word_1_190' title='bbox 186 3109 249 3174; x_wconf 85' lang='lat' dir='ltr'>quo</span> <span class='ocrx_word' id='word_1_191' title='bbox 283 3093 381 3177; x_wconf 74' lang='lat' dir='ltr'>pater</span> <span class='ocrx_word' id='word_1_192' title='bbox 417 3093 569 3157; x_wconf 89' lang='lat' dir='ltr'>mortuus</span> <span class='ocrx_word' id='word_1_193' title='bbox 606 3093 659 3156; x_wconf 91' lang='lat' dir='ltr'>est</span> <span class='ocrx_word' id='word_1_194' title='bbox 690 3094 725 3155; x_wconf 89' lang='lat' dir='ltr'>et</span> <span class='ocrx_word' id='word_1_195' title='bbox 757 3089 847 3178; x_wconf 82' lang='lat' dir='ltr'>patri</span> <span class='ocrx_word' id='word_1_196' title='bbox 870 3093 905 3157; x_wconf 90' lang='lat' dir='ltr'>et</span> <span class='ocrx_word' id='word_1_197' title='bbox 931 3087 1010 3156; x_wconf 87' lang='lat' dir='ltr'>tiliis</span> <span class='ocrx_word' id='word_1_198' title='bbox 1047 3088 1293 3171; x_wconf 80' lang='lat' dir='ltr'>adnumeravit3</span> <span class='ocrx_word' id='word_1_199' title='bbox 1316 3088 1352 3154; x_wconf 90' lang='lat' dir='ltr'>in</span> 
     </span>
     <span class='ocr_line' id='line_1_27' title="bbox 186 3194 1351 3264; baseline 0.003 -5"><span class='ocrx_word' id='word_1_200' title='bbox 186 3213 310 3261; x_wconf 89' lang='lat' dir='ltr'>summa</span> <span class='ocrx_word' id='word_1_201' title='bbox 344 3199 455 3262; x_wconf 80' lang='lat' dir='ltr'>autem</span> <span class='ocrx_word' id='word_1_202' title='bbox 488 3196 628 3263; x_wconf 90' lang='lat' dir='ltr'>medium</span> <span class='ocrx_word' id='word_1_203' title='bbox 663 3218 785 3263; x_wconf 88' lang='lat' dir='ltr'>annum</span> <span class='ocrx_word' id='word_1_204' title='bbox 819 3195 971 3263; x_wconf 89' lang='lat' dir='ltr'>nimirum</span> <span class='ocrx_word' id='word_1_205' title='bbox 1001 3196 1103 3264; x_wconf 88' lang='lat' dir='ltr'>semel</span> <span class='ocrx_word' id='word_1_206' title='bbox 1125 3194 1351 3263; x_wconf 87' lang='lat' dir='ltr'>tantummodo</span> 
     </span>
     <span class='ocr_line' id='line_1_28' title="bbox 186 3301 1352 3391; baseline 0.002 -25"><span class='ocrx_word' id='word_1_207' title='bbox 186 3321 310 3386; x_wconf 87' lang='lat' dir='ltr'>ponens</span> <span class='ocrx_word' id='word_1_208' title='bbox 333 3301 662 3391; x_wconf 81' lang='lat' dir='ltr'>undequinquaginta</span> <span class='ocrx_word' id='word_1_209' title='bbox 710 3325 813 3371; x_wconf 84' lang='lat' dir='ltr'>annos</span> <span class='ocrx_word' id='word_1_210' title='bbox 848 3302 1063 3390; x_wconf 82' lang='lat' dir='ltr'>computavit,</span> <span class='ocrx_word' id='word_1_211' title='bbox 1088 3326 1153 3370; x_wconf 89' lang='lat' dir='ltr'>non</span> <span class='ocrx_word' id='word_1_212' title='bbox 1175 3307 1215 3369; x_wconf 90' lang='lat' dir='ltr'>ut</span> <span class='ocrx_word' id='word_1_213' title='bbox 1237 3325 1352 3389; x_wconf 81' lang='lat' dir='ltr'>expec-</span> 
     </span>
     <span class='ocr_line' id='line_1_29' title="bbox 185 3407 1354 3498; baseline 0.002 -24"><span class='ocrx_word' id='word_1_214' title='bbox 185 3409 293 3476; x_wconf 73' lang='lat' dir='ltr'>umus</span> <span class='ocrx_word' id='word_1_215' title='bbox 309 3409 556 3498; x_wconf 76' lang='lat' dir='ltr'>quinquaginta</span> <span class='ocrx_word' id='word_1_216' title='bbox 594 3409 642 3476; x_wconf 81' lang='lat' dir='ltr'>Et</span> <span class='ocrx_word' id='word_1_217' title='bbox 656 3410 686 3476; x_wconf 90' lang='lat' dir='ltr'>si</span> <span class='ocrx_word' id='word_1_218' title='bbox 700 3410 733 3475; x_wconf 93' lang='lat' dir='ltr'>in</span> <span class='ocrx_word' id='word_1_219' title='bbox 746 3410 897 3478; x_wconf 88' lang='lat' dir='ltr'>Politieis</span> <span class='ocrx_word' id='word_1_220' title='bbox 914 3408 1142 3498; x_wconf 84' lang='lat' dir='ltr'>duodeviginti</span> <span class='ocrx_word' id='word_1_221' title='bbox 1156 3432 1260 3478; x_wconf 89' lang='lat' dir='ltr'>anuos</span> <span class='ocrx_word' id='word_1_222' title='bbox 1275 3407 1354 3476; x_wconf 83' lang='lat' dir='ltr'>filiis</span> 
     </span>
     <span class='ocr_line' id='line_1_30' title="bbox 186 3513 1354 3606; baseline 0.005 -28"><span class='ocrx_word' id='word_1_223' title='bbox 186 3513 311 3594; x_wconf 74' lang='lat' dir='ltr'>tribuit,</span> <span class='ocrx_word' id='word_1_224' title='bbox 336 3537 457 3582; x_wconf 87' lang='lat' dir='ltr'>annum</span> <span class='ocrx_word' id='word_1_225' title='bbox 479 3515 696 3604; x_wconf 85' lang='lat' dir='ltr'>Harpaetidis</span> <span class='ocrx_word' id='word_1_226' title='bbox 720 3517 787 3602; x_wconf 88' lang='lat'>(01.</span> <span class='ocrx_word' id='word_1_227' title='bbox 804 3513 1044 3602; x_wconf 77' lang='lat'>67‚2=511(0)</span> <span class='ocrx_word' id='word_1_228' title='bbox 1059 3516 1194 3606; x_wconf 89' lang='lat' dir='ltr'>plenum</span> <span class='ocrx_word' id='word_1_229' title='bbox 1218 3514 1354 3584; x_wconf 85' lang='lat' dir='ltr'>addidit.</span> 
     </span>
    </p>

    <p class='ocr_par' dir='ltr' id='par_1_4' title="bbox 185 3637 1358 4160">
     <span class='ocr_line' id='line_1_31' title="bbox 272 3637 1353 3731; baseline 0 -25"><span class='ocrx_word' id='word_1_230' title='bbox 272 3637 396 3706; x_wconf 86' lang='lat' dir='ltr'>Similis</span> <span class='ocrx_word' id='word_1_231' title='bbox 431 3639 517 3706; x_wconf 87' lang='lat' dir='ltr'>ratio</span> <span class='ocrx_word' id='word_1_232' title='bbox 551 3638 727 3706; x_wconf 79' lang='lat' dir='ltr'>intercedit</span> <span class='ocrx_word' id='word_1_233' title='bbox 760 3642 848 3708; x_wconf 87' lang='lat' dir='ltr'>inter</span> <span class='ocrx_word' id='word_1_234' title='bbox 883 3641 992 3708; x_wconf 86' lang='lat' dir='ltr'>exsilii</span> <span class='ocrx_word' id='word_1_235' title='bbox 1015 3647 1050 3708; x_wconf 83' lang='lat' dir='ltr'>st</span> <span class='ocrx_word' id='word_1_236' title='bbox 1071 3641 1202 3731; x_wconf 83' lang='lat' dir='ltr'>imperii</span> <span class='ocrx_word' id='word_1_237' title='bbox 1232 3663 1353 3710; x_wconf 89' lang='lat' dir='ltr'>annos:</span> 
     </span>
     <span class='ocr_line' id='line_1_32' title="bbox 186 3743 1355 3838; baseline 0.005 -28"><span class='ocrx_word' id='word_1_238' title='bbox 186 3743 286 3812; x_wconf 80' lang='lat' dir='ltr'>hebes</span> <span class='ocrx_word' id='word_1_239' title='bbox 319 3746 352 3812; x_wconf 91' lang='lat' dir='ltr'>in</span> <span class='ocrx_word' id='word_1_240' title='bbox 389 3745 641 3814; x_wconf 84' lang='lat' dir='ltr'>Atheniensium</span> <span class='ocrx_word' id='word_1_241' title='bbox 687 3747 874 3838; x_wconf 81' lang='lat' dir='ltr'>Republica</span> <span class='ocrx_word' id='word_1_242' title='bbox 912 3749 1120 3838; x_wconf 89' lang='lat' dir='ltr'>undeviginti</span> <span class='ocrx_word' id='word_1_243' title='bbox 1158 3771 1262 3818; x_wconf 78' lang='lat' dir='ltr'>anuos</span> <span class='ocrx_word' id='word_1_244' title='bbox 1297 3748 1355 3816; x_wconf 90' lang='lat' dir='ltr'>im·</span> 
     </span>
     <span class='ocr_line' id='line_1_33' title="bbox 186 3852 1357 3944; baseline 0.003 -24"><span class='ocrx_word' id='word_1_245' title='bbox 186 3852 280 3942; x_wconf 80' lang='lat' dir='ltr'>perii,</span> <span class='ocrx_word' id='word_1_246' title='bbox 311 3853 422 3921; x_wconf 87' lang='lat' dir='ltr'>deeem</span> <span class='ocrx_word' id='word_1_247' title='bbox 445 3859 479 3922; x_wconf 89' lang='lat' dir='ltr'>et</span> <span class='ocrx_word' id='word_1_248' title='bbox 502 3857 646 3943; x_wconf 88' lang='lat' dir='ltr'>quatuor</span> <span class='ocrx_word' id='word_1_249' title='bbox 668 3852 826 3944; x_wconf 78' lang='lat'>(33-19)</span> <span class='ocrx_word' id='word_1_250' title='bbox 850 3855 974 3936; x_wconf 79' lang='lat' dir='ltr'>exsilii3</span> <span class='ocrx_word' id='word_1_251' title='bbox 1000 3855 1034 3924; x_wconf 91' lang='lat' dir='ltr'>in</span> <span class='ocrx_word' id='word_1_252' title='bbox 1058 3855 1208 3924; x_wconf 85' lang='lat' dir='ltr'>Politieis</span> <span class='ocrx_word' id='word_1_253' title='bbox 1240 3861 1357 3924; x_wconf 86' lang='lat' dir='ltr'>eontra</span> 
     </span>
     <span class='ocr_line' id='line_1_34' title="bbox 185 3959 1358 4052; baseline 0.002 -26"><span class='ocrx_word' id='word_1_254' title='bbox 185 3959 406 4048; x_wconf 81' lang='lat' dir='ltr'>septendecim</span> <span class='ocrx_word' id='word_1_255' title='bbox 440 3965 575 4028; x_wconf 78' lang='lat' dir='ltr'>exstant</span> <span class='ocrx_word' id='word_1_256' title='bbox 604 3961 735 4052; x_wconf 87' lang='lat' dir='ltr'>imperii</span> <span class='ocrx_word' id='word_1_257' title='bbox 769 3967 856 4048; x_wconf 86' lang='lat' dir='ltr'>enni,</span> <span class='ocrx_word' id='word_1_258' title='bbox 893 3962 1034 4034; x_wconf 76' lang='lat' dir='ltr'>sedecim</span> <span class='ocrx_word' id='word_1_259' title='bbox 1069 3961 1192 4032; x_wconf 85' lang='lat' dir='ltr'>exsilii:</span> <span class='ocrx_word' id='word_1_260' title='bbox 1229 3961 1358 4032; x_wconf 84' lang='lat' dir='ltr'>eddidit</span> 
     </span>
     <span class='ocr_line' id='line_1_35' title="bbox 185 4063 1358 4160; baseline 0.005 -30"><span class='ocrx_word' id='word_1_261' title='bbox 185 4063 289 4154; x_wconf 86' lang='lat' dir='ltr'>igitur</span> <span class='ocrx_word' id='word_1_262' title='bbox 311 4067 528 4156; x_wconf 86' lang='lat' dir='ltr'>philosophus</span> <span class='ocrx_word' id='word_1_263' title='bbox 557 4067 640 4136; x_wconf 83' lang='lat' dir='ltr'>dues</span> <span class='ocrx_word' id='word_1_264' title='bbox 670 4091 830 4138; x_wconf 85' lang='lat' dir='ltr'>annorum</span> <span class='ocrx_word' id='word_1_265' title='bbox 865 4077 979 4160; x_wconf 86' lang='lat' dir='ltr'>partes</span> <span class='ocrx_word' id='word_1_266' title='bbox 1003 4071 1043 4140; x_wconf 90' lang='lat' dir='ltr'>de</span> <span class='ocrx_word' id='word_1_267' title='bbox 1067 4071 1188 4160; x_wconf 89' lang='lat' dir='ltr'>quibus</span> <span class='ocrx_word' id='word_1_268' title='bbox 1212 4068 1358 4140; x_wconf 89' lang='lat' dir='ltr'>dubitari</span> 
     </span>
    </p>
   </div>
   <div class='ocr_carea' id='block_1_3' title="bbox 226 4211 396 4222">
    <p class='ocr_par' dir='ltr' id='par_1_5' title="bbox 226 4211 396 4222">
     <span class='ocr_line' id='line_1_36' title="bbox 226 4211 396 4222; baseline 0.018 -2"><span class='ocrx_word' id='word_1_269' title='bbox 226 4211 396 4222; x_wconf 71' lang='lat'>-·--.-—..-</span> 
     </span>
    </p>
   </div>
   <div class='ocr_carea' id='block_1_4' title="bbox 277 4297 1228 4458">
    <p class='ocr_par' dir='ltr' id='par_1_6' title="bbox 277 4297 1228 4458">
     <span class='ocr_line' id='line_1_37' title="bbox 277 4297 1228 4376; baseline 0.006 -22"><span class='ocrx_word' id='word_1_270' title='bbox 277 4297 296 4364; x_wconf 70' lang='lat'>¹&gt;</span> <span class='ocrx_word' id='word_1_271' title='bbox 313 4299 348 4356; x_wconf 74' lang='lat' dir='ltr'>d.</span> <span class='ocrx_word' id='word_1_272' title='bbox 367 4298 472 4356; x_wconf 79' lang='lat' dir='ltr'>Usener</span> <span class='ocrx_word' id='word_1_273' title='bbox 490 4300 620 4370; x_wconf 50' lang='grc' dir='ltr'>Μή]</span> <span class='ocrx_word' id='word_1_274' title='bbox 641 4301 728 4356; x_wconf 69' lang='lat' dir='ltr'>mut.</span> <span class='ocrx_word' id='word_1_275' title='bbox 745 4315 769 4356; x_wconf 64' lang='lat' dir='ltr'>s</span> <span class='ocrx_word' id='word_1_276' title='bbox 792 4301 860 4366; x_wconf 76' lang='lat'>1871</span> <span class='ocrx_word' id='word_1_277' title='bbox 880 4300 942 4370; x_wconf 83' lang='lat' dir='ltr'><strong>(vol.</strong></span> <span class='ocrx_word' id='word_1_278' title='bbox 961 4301 1035 4372; x_wconf 71' lang='lat' dir='ltr'>esu)</span> <span class='ocrx_word' id='word_1_279' title='bbox 1054 4321 1078 4372; x_wconf 85' lang='lat' dir='ltr'>p.</span> <span class='ocrx_word' id='word_1_280' title='bbox 1098 4305 1148 4362; x_wconf 79' lang='lat'>311</span> <span class='ocrx_word' id='word_1_281' title='bbox 1169 4318 1228 4376; x_wconf 78' lang='lat' dir='ltr'>sqq.</span> 
     </span>
     <span class='ocr_line' id='line_1_38' title="bbox 277 4385 662 4458; baseline 0.018 -19"><span class='ocrx_word' id='word_1_282' title='bbox 277 4385 297 4454; x_wconf 71' lang='lat'>⁹)</span> <span class='ocrx_word' id='word_1_283' title='bbox 316 4386 350 4442; x_wconf 80' lang='lat' dir='ltr'>et.</span> <span class='ocrx_word' id='word_1_284' title='bbox 370 4401 453 4458; x_wconf 78' lang='lat' dir='ltr'>supra</span> <span class='ocrx_word' id='word_1_285' title='bbox 472 4404 498 4458; x_wconf 85' lang='lat' dir='ltr'>p.</span> <span class='ocrx_word' id='word_1_286' title='bbox 517 4389 534 4444; x_wconf 77' lang='lat' dir='ltr'>i</span> <span class='ocrx_word' id='word_1_287' title='bbox 553 4389 618 4446; x_wconf 73' lang='lat' dir='ltr'>ndu</span> <span class='ocrx_word' id='word_1_288' title='bbox 638 4391 662 4446; x_wconf 85' lang='lat'>1.</span> 
     </span>
    </p>
   </div>
   <div class='ocr_carea' id='block_1_5' title="bbox 0 0 1585 4826">
    <p class='ocr_par' dir='ltr' id='par_1_7' title="bbox 0 0 1585 4826">
     <span class='ocr_line' id='line_1_39' title="bbox 0 0 1585 4826; baseline 0 0"><span class='ocrx_word' id='word_1_289' title='bbox 0 0 1585 4826; x_wconf 95' lang='lat' dir='ltr'> </span> 
     </span>
    </p>
   </div>
  </div>
 </body>
</html>
