3144 4826
712 328 755 402 47

237 531 358 598 Eodem
391 531 484 597 modo
518 545 601 611 quae
624 529 807 614 Xenophon
844 529 1007 597 derebus
1030 547 1051 596 a
1073 529 1211 613 triginta
1234 527 1315 596 viris

139 637 251 722 gestis
274 637 421 706 breviter
444 636 590 721 scripsit:
613 637 718 718 poetis
737 640 768 700 at
791 641 840 700 καὶ
855 635 908 710 τὰς
923 633 1014 709 ἄλλος
1029 636 1317 718 deportaveramus

138 748 183 818 ὡς
206 745 296 808 ἐδόκει
319 747 418 816 αὐτοῖς
427 743 464 832 ¹),
496 745 596 813 latins
620 745 811 828 explanavit
832 744 1009 830 Stagirites
1019 745 1046 832 ²)
1069 743 1252 828 singularia
1274 743 1316 810 de

137 851 274 936 legibus
298 853 503 919 commutatis
527 869 568 918 ex
584 851 741 918 Atthihus
764 861 895 933 sumpte
917 851 1116 936 apponens⁸)
1139 856 1172 918 et
1188 849 1316 918 etiamsi

139 959 303 1026 nonnulla
337 963 526 1042 occurrunt,
556 976 641 1040 quae
671 976 744 1025 eum
767 959 994 1041 Xenophontis
1017 957 1209 1024 narratione
1232 976 1316 1024 oom-

139 1065 257 1150 parari
298 1066 482 1152 possunt4),
522 1072 632 1132 tamen
678 1083 807 1148 semper
843 1073 902 1132 aut
938 1064 1105 1133 immixtae
1144 1071 1221 1130 sunt
1258 1073 1317 1130 aut

7 1229 8 1258 p
139 1179 324 1255 sequuntur
346 1191 400 1240 res
425 1171 576 1256 propriae
585 1173 611 1261 ⁵)
646 1190 726 1254 quas
761 1173 849 1254 apud
880 1173 970 1240 illum
1006 1171 1131 1239 frustra
1166 1188 1316 1254 quaeres.

7 1279 8 1282 ’
140 1281 238 1346 Idem
270 1280 450 1364 Xenophon
486 1279 709 1346 narrationem
744 1280 784 1345 <le
818 1277 1031 1346 Theramenis
1065 1277 1202 1344 interitu
1236 1276 1316 1344 satis

139 1385 253 1470 lepide
277 1405 440 1454 exornans
464 1405 561 1454 unam
584 1395 712 1452 tantum
736 1386 841 1470 legem
859 1405 923 1468 qna
938 1385 994 1452 ille
1011 1383 1128 1468 eapitis
1144 1385 1316 1451 damnatus

140 1501 234 1561 esset
261 1492 574 1579 commemoravit⁶);
604 1493 638 1559 in
661 1492 854 1561 Atthidlbus
877 1499 986 1560 autem
1015 1511 1096 1575 quas
1119 1491 1315 1560 Aristoteles

140 1607 277 1668 secutus
307 1607 358 1667 est
397 1601 480 1667 dnae
518 1600 609 1686 leges
647 1602 824 1668 exstabant
862 1606 896 1667 et
933 1619 986 1668 res
1025 1607 1099 1667 orat
1136 1597 1315 1681 simplicius

139 1713 290 1774 narrata.

235 1831 298 1900 Sed
340 1851 394 1899 res
437 1852 500 1900 non
537 1833 760 1902 aeeuratiores
794 1839 919 1901 tantum
955 1831 1132 1916 Stagirites
1171 1830 1314 1916 protulit,

140 1942 369 2007 verumetiam
386 1939 482 2007 aliter
499 1941 678 2008 ordinatas.
712 1941 749 2007 ln
763 1939 876 2024 primis
892 1951 982 2023 patet
997 1941 1125 2023 legatos
1141 1958 1162 2005 a
1178 1938 1315 2022 triginta

142 2046 225 2112 viris
255 2047 298 2113 ad
321 2047 598 2115 Lacedaemonios
628 2045 745 2115 missos
768 2065 841 2115 esse
865 2048 929 2115 alio
953 2054 1100 2132 tempore
1123 2051 1158 2113 et
1181 2045 1315 2114 oonsilio

141 2153 230 2235 apud
254 2154 541 2242 Xenophonteml)
564 2155 629 2223 alio
653 2156 740 2238 apud
763 2154 977 2223 Aristotelem
989 2154 1033 2242 ⁸):
1056 2173 1133 2221 nam
1156 2153 1220 2222 etsi
1243 2173 1315 2222 oum

142 2259 219 2324 edd.
243 2261 284 2326 Κ.
309 2261 360 2328 W.
394 2263 500 2330 locum
536 2282 689 2332 ramnum
714 2261 846 2330 25-29
870 2269 1042 2346 mutamus,
1077 2273 1188 2329 tamen
1210 2267 1316 2328 restat

144 2364 318 2434 discrimen
341 2367 375 2435 in
398 2369 525 2436 verbis:
560 2383 613 2433 τοῦ
635 2395 666 2433 τε
691 2373 877 2450 Θηραμένους
899 2369 1088 2452 κατηγόρουν,
1124 2388 1195 2435 eum
1229 2367 1316 2452 apud

143 2473 395 2557 Xenophontem
419 2477 615 2545 Therameni
638 2478 735 2546 etiam
759 2487 846 2564 tum,
876 2497 948 2546 eum
971 2477 1075 2563 legati
1098 2476 1315 2560 mitterentur,

144 2599 218 2646 eum
243 2583 364 2649 ceteris
387 2583 622 2672 convenirem).

236 2709 376 2776 Accedit
405 2711 491 2791 quod
518 2711 716 2780 Aristoteles
753 2711 860 2780 reiert
898 2712 1036 2798 triginta
1074 2711 1164 2780 viros
1202 2711 1317 2775 eontra

144 2815 388 2900 Thrasybulum
413 2817 546 2901 eiusque
570 2819 675 2886 socios
699 2819 907 2887 dimicavisse
930 2820 1116 2902 priusquam
1141 2816 1175 2884 in
1195 2817 1316 2884 Thera-

146 2938 273 2987 menem
297 2923 540 3007 inveherentur,
576 2933 611 2994 et
634 2927 753 3010 populo
787 2946 881 2993 arma
915 2926 1076 2993 ademisse
1111 2925 1315 2992 'lheramene

144 3037 279 3112 remoto,
320 3049 391 3097 cum
426 3030 611 3119 Xenophon
646 3036 679 3100 in
715 3040 854 3116 utraque
889 3054 925 3102 re
960 3033 1127 3100 diversum
1157 3033 1316 3114 praebeat

145 3135 301 3204 ordinem.
348 3139 399 3205 lix
422 3139 474 3206 his
498 3143 647 3210 omnibus
679 3163 720 3210 ne
754 3141 945 3230 colligamus
968 3139 1182 3208 Aristotelem
1206 3141 1315 3206 Xeno·

145 3241 276 3326 phontis
299 3245 428 3314 omnino
451 3249 572 3318 nullam
599 3249 751 3319 hahuisse
774 3250 944 3328 rationem,
969 3247 1149 3332 impediunt
1172 3266 1212 3314 ee
1233 3264 1316 3328 quae

235 3423 254 3490 Ι1
273 3427 341 3482 Xen.
361 3423 432 3480 Heli.
451 3424 489 3486 11.
506 3429 532 3492 3,
553 3429 593 3484 11.

234 3511 533 3582 ’11111120-2411
553 3516 597 3574 W.

234 3599 298 3671 Ἣ).
317 3600 360 3666 38,
380 3603 494 3672 26-39,
513 3605 530 3662 7
550 3604 582 3660 Κ.
602 3606 646 3662 W.

233 3691 254 3760 ‘l
273 3689 347 3746 solut
374 3690 445 3747 llell.
469 3693 506 3762 11,
525 3697 551 3757 3,
572 3697 606 3753 12
625 3693 689 3750 :tra
708 3693 768 3748 nol.
803 3713 828 3766 p.
857 3696 900 3756 311,
917 3696 935 3751 8
954 3711 1011 3766 sqq.
1030 3697 1077 3748 aut
1095 3695 1133 3758 11.
1152 3695 1177 3760 3,
1196 3693 1238 3748 at:
1256 3689 1314 3746 ’Aa

143 3777 202 3836 nol.
221 3797 246 3850 p.
265 3781 308 3850 39,
329 3782 363 3840 la
381 3795 438 3852 sqq.

233 3869 256 3935 Ι1
276 3870 351 3926 velut
368 3887 394 3942 p.
412 3871 456 3940 39,
477 3871 510 3929 16
528 3873 561 3930 K.
574 3873 631 3928 W.:
650 3877 695 3926 sal
713 3873 806 3946 χρόνον
824 3871 992 3930 διαπεσόντος
1009 3872 1120 3942 βραχέος
1133 3871 1180 3926 ais
1193 3869 1316 3928 ἐλάττους

144 3953 306 4030 deperimus
323 3957 340 4027 ἢ
358 3957 508 4028 χιλίους
525 3964 813 4020 πεντακοσίους.

232 4047 254 4116 ’1
272 4053 341 4108 Xan.
360 4049 431 4106 Bell.
449 4051 485 4118 It
503 4055 529 4122 8,
547 4053 590 4108 tl.

235 4135 254 4204 ')
271 4139 341 4196 Xan.
359 4139 431 4196 Heli.
450 4143 488 4210 Π,
506 4145 532 4202 Β,
552 4143 594 4198 ltl.

233 4223 528 4298 ihQffiKW

232 4312 343 4382 'iflelh
362 4316 398 4386 11,
416 4319 441 4388 8,
462 4321 508 4377 ih:
527 4313 689 4392 ὁμογνῶμων
706 4337 733 4374 το
751 4323 797 4374 eal
824 4319 900 4390 φίλος
926 4317 965 4390 ἢν,
997 4323 1047 4380 161
1074 4317 1114 4372 ἔτι
1141 4319 1192 4392 γὰρ
1218 4311 1317 4376 ahaua

142 4399 235 4474 Μ’
252 4403 289 4470 ‘ai
308 4405 461 4474 eppapteu.
