3144 4826
757 317 799 383 52

193 520 273 585 luber
311 517 400 583 disse
439 515 643 598 Verlassuug
681 513 1006 581 unumstdsslich
1046 513 1230 580 beweist.
1293 513 1358 580 Sed

193 642 287 690 nemo
311 622 488 689 contendet
502 620 610 688 omnia
627 640 710 703 queo
725 620 759 687 in
772 620 942 688 Atthidum
962 621 1124 687 thesauris
1139 620 1358 687 servabantur

193 731 236 796 ad
260 747 318 796 nos
353 727 549 812 pervenisse.
595 729 696 796 Immo
732 747 773 795 ex
808 727 938 794 silentio
975 726 1139 811 colligitur
1161 727 1358 810 posteriores

193 835 377 920 scriptores,
418 836 535 918 quibus
569 834 905 918 Atthidographorum
941 834 1159 918 cognitionem
1194 833 1356 915 debemus,

193 943 373 1010 obsoletam
396 942 485 1008 illam
510 941 775 1009 constitutionem
797 961 863 1008 non
888 941 1065 1009 curavisse.

281 1071 450 1135 Postremo
474 1070 544 1135 loco
580 1068 623 1133 ad
654 1066 837 1150 sapientiae
872 1086 991 1134 corona
1026 1071 1178 1134 ornatum
1213 1063 1359 1133 venimus

196 1177 355 1258 Solonem,
391 1175 431 1240 ds
459 1193 521 1256 quo
545 1175 578 1240 in
615 1193 708 1257 capp.
731 1172 841 1240 5-12
865 1173 1058 1241 Aristoteles
1086 1173 1187 1240 animi
1221 1174 1359 1255 quodam

194 1282 308 1350 favore
331 1281 406 1365 egit.
455 1281 595 1364 Quorum
620 1279 762 1363 capitum
785 1281 980 1349 novissimus
1005 1299 1119 1348 censor
1134 1278 1263 1347 Keilius
1287 1297 1359 1346 curn

194 1389 294 1456 etiam
333 1407 427 1471 quam
463 1405 522 1454 nos
553 1393 733 1454 tractamus
773 1387 997 1469 quaestionem
1037 1393 1190 1454 accurate
1224 1386 1359 1452 admini-

194 1494 355 1564 straverit
377 1493 510 1576 reliquit
533 1498 661 1561 tautum
685 1513 799 1561 munus
834 1493 980 1561 faciendi
1013 1493 1215 1578 spicilegium
1250 1512 1360 1560 eorum

194 1621 276 1684 quae
300 1607 357 1668 aut
380 1601 531 1667 addenda
554 1605 612 1666 aut
636 1600 734 1666 aliter
750 1601 975 1683 percensenda
990 1599 1150 1669 videntur.
1181 1601 1220 1666 In
1237 1619 1360 1668 summa

194 1729 232 1776 re
255 1709 340 1775 enim
364 1706 507 1774 latemur
522 1725 581 1774 nos
598 1725 669 1774 cnm
686 1706 756 1776 viro
774 1709 869 1774 docto
887 1707 1072 1774 consentire
1088 1725 1160 1774 cum
1176 1709 1217 1774 de
1233 1707 1360 1774 ratione

196 1834 259 1900 qua
284 1814 496 1881 Aristotelem
519 1814 605 1881 hanc
638 1813 742 1881 libelli
766 1821 893 1898 partem
928 1813 1159 1898 conscripsisse
1182 1815 1361 1896 putandum

195 1926 249 2007 sit,
273 1929 341 1990 tum
365 1924 406 1988 de
429 1921 617 1989 auctoribus
642 1922 755 2003 quibus
779 1922 873 1988 modo
897 1940 974 1988 usus
998 1923 1092 1988 modo
1116 1922 1285 1988 oblocutus
1306 1921 1360 1987 sit.

194 2032 261 2098 Nos
300 2047 425 2112 quoque
464 2031 634 2112 opinamur
672 2028 896 2112 philosophum
935 2047 977 2096 ex
1015 2027 1165 2111 diligenti
1203 2028 1361 2096 Soloneae

196 2134 304 2220 poesis
327 2133 435 2202 studio
466 2135 574 2203 omnia
602 2153 686 2218 quae
714 2134 838 2202 tradita
866 2137 1043 2201 exstabant
1065 2134 1302 2218 aestimavisse,
1327 2143 1362 2202 et

196 2241 429 2310 crediderimus
445 2244 529 2309 haue
545 2243 726 2327 indagandi
741 2243 829 2310 viam
846 2244 876 2308 ei
899 2241 965 2308 iarn
980 2242 1151 2308 Platonem
1168 2241 1360 2326 magistrum

197 2350 388 2433 ostendisse,
423 2349 479 2432 qui
513 2349 687 2418 memoriae
710 2350 837 2416 Solonis
871 2349 923 2416 sui
946 2367 966 2414 a
989 2356 1094 2416 matre
1130 2348 1363 2431 consanguinei

197 2457 304 2526 studio
329 2463 363 2524 et
385 2475 496 2524 amore
527 2476 658 2540 operam
682 2455 820 2526 navavit
832 2456 863 2544 ¹).
909 2458 1066 2524 Poemata
1099 2456 1202 2540 igitur
1236 2455 1364 2523 Solonis

196 2562 421 2631 fidelissimum
445 2562 642 2630 Aristoteles
672 2563 789 2630 habuit
822 2562 954 2646 iontem,
992 2583 1129 2646 quocum
1153 2565 1364 2646 comparabat

197 2689 280 2754 quae
304 2669 361 2738 alii
384 2677 535 2739 auctores
557 2671 748 2749 tradebant;
773 2672 856 2752 quod
879 2681 913 2738 et
935 2672 1142 2754 perspicuum
1166 2676 1216 2737 est
1239 2677 1273 2738 et
1294 2669 1364 2752 ipse

197 2777 361 2862 significat
376 2777 535 2865 verbis²):
561 2774 603 2839 ὅτι
619 2779 649 2839 tl
665 2777 771 2857 ταύτην
794 2775 857 2860 ἔσχε
880 2776 930 2857 τὴν
953 2778 1084 2852 ἐξουσίαν
1101 2829 1107 2843 .
1125 2829 1155 2846 ,.
1182 2781 1230 2839 καὶ
1253 2783 1283 2838 ἐν
1305 2789 1364 2847 τοῖς

197 2883 353 2965 ποιήμασιν
396 2882 484 2956 αὐτὸς
524 2886 671 2966 πολλαχοῦ
703 2889 841 2963 μέμνηται
882 2889 930 2946 καὶ
965 2891 992 2947 οἱ
1027 2880 1107 2945 ditor
1142 2886 1364 2964 συνομολογοῦσι

196 2989 311 3062 πάντες.
349 2990 437 3057 Hinc
453 2997 532 3057 nata
549 2997 599 3057 est
614 2990 679 3059 viri
694 2991 867 3058 admiratio
888 3009 952 3073 qua
974 2989 1064 3057 nisus
1080 2990 1188 3057 omnia
1203 2989 1363 3058 refutavit

197 3117 281 3180 quae
304 3115 427 3164 morum
465 3106 523 3164 aut
546 3098 755 3165 consiliorum
780 3099 982 3180 splendorem
1018 3098 1153 3165 maculis
1188 3116 1364 3181 aspergere

196 3207 402 3273 videbantur.
456 3208 565 3288 Atque
588 3205 622 3270 in
647 3204 758 3288 primis
782 3204 1012 3286 gravissimum
1040 3206 1120 3272 illud
1144 3203 1362 3288 opprobrium,

197 3314 282 3394 quod
306 3311 381 3380 Solo
404 3313 438 3378 in
462 3311 589 3378 credita
612 3311 751 3394 pecunia
782 3312 997 3378 condonanda
1032 3311 1263 3380 abstinentiam
1299 3329 1362 3377 non

196 3417 411 3502 praest'tcrit,
437 3438 477 3485 ex
492 3418 625 3502 integra
641 3418 705 3486 viri
721 3437 861 3500 persona
877 3420 1078 3502 redarguere
1094 3420 1219 3486 studuit
1236 3418 1274 3505 (c.
1292 3418 1362 3502 VI).

197 3525 301 3609 Quam
326 3524 545 3593 defensionem
578 3545 618 3593 ex
652 3526 754 3609 ipsius
778 3525 966 3593 Aristotelis
1002 3527 1107 3593 animo
1142 3539 1254 3593 natam
1290 3543 1362 3592 esse

197 3651 290 3700 nemo
314 3632 456 3717 negabit.

285 3739 352 3807 Alii
374 3740 438 3807 alio
462 3743 554 3808 modo
571 3740 682 3808 Soloni
706 3758 896 3808 succurrere
911 3742 1120 3808 studuerunt:
1152 3741 1363 3808 Exstiterunt

196 3851 252 3929 qui
275 3848 511 3915 contenderent
532 3849 638 3930 ipsum
661 3846 884 3931 legislatorem
907 3851 1068 3916 iacturam
1093 3847 1235 3930 quinque
1258 3849 1362 3914 talen-

286 4025 306 4093 ¹)
326 4024 440 4094 Insignis
473 4028 514 4080 est
547 4025 632 4095 poesis
660 4023 785 4080 Soloneae
813 4026 972 4080 aestimatio:
1002 4022 1036 4078 τοί
1061 4045 1088 4078 τε
1116 4022 1184 4078 iilia
1212 4021 1364 4093 σοφώτατον

196 4114 331 4183 γεγονέναι
343 4111 453 4166 Σόλωνα
465 4119 510 4167 καὶ
524 4114 591 4168 κατὰ
602 4113 651 4184 τὴν
662 4114 767 4180 ποίησιν
780 4108 813 4167 αὖ
826 4114 879 4167 τῶν
890 4116 1005 4182 ποιητῶν
1016 4112 1123 4168 πάντων
1135 4110 1362 4185 ἐλευθερώτατον.

197 4202 265 4256 κατὰ
287 4200 311 4272 γ’
338 4201 403 4270 ἐμὴν
426 4197 505 4264 δόξαν
528 4201 585 4257 σ”υτε
606 4201 727 4261 Ἡσίοδον
752 4201 809 4258 cire
825 4197 940 4276 Ὅμηρον
964 4201 1020 4258 οὔτε
1049 4200 1128 4260 ἄλλος
1146 4199 1229 4260 uiduis
1254 4201 1364 4269 ποιητὴν

196 4287 396 4360 &duracium
413 4287 512 4360 ἐγένετο
531 4288 565 4344 ἄν
581 4291 640 4346 ποτ’
659 4291 744 4347 αὐτοῦ.
783 4293 859 4363 (iim.
878 4292 911 4349 21
932 4292 973 4361 B).

287 4380 308 4448 ²)
326 4397 351 4450 p.
370 4380 395 4450 6,
414 4382 432 4437 4
449 4379 482 4436 lt
502 4379 546 4432 W.
