3144 4826
750 335 792 403 10

192 531 354 614 quoddam
389 555 428 598 ea
460 532 665 600 retractandi
698 557 782 622 quac
811 535 846 600 in
876 534 962 602 alius
997 535 1186 602 narratione
1221 537 1354 624 copiosa

191 639 256 706 iam
288 639 371 706 satis
404 643 553 706 tractata
586 641 776 722 exstabant3
810 640 845 706 id
879 639 967 728 qnod
996 644 1114 728 postca
1147 641 1279 730 saepius
1303 665 1354 710 co·

189 768 392 833 gnosoemus.

279 852 430 942 Denique
446 853 606 920 nonnulla
621 859 700 920 sunt
715 854 805 942 apud
819 854 1034 937 Herodotum,
1057 877 1140 944 quae
1156 856 1355 922 Aristoteles

192 983 232 1026 ne
247 959 360 1047 tetigit
375 959 505 1048 quidem
520 960 614 1026 velut
630 960 776 1040 consilia,
799 981 883 1043 quae
898 961 1110 1028 Pisistratum
1126 961 1169 1028 ad
1183 961 1356 1050 imparium

192 1089 287 1132 suum
308 1065 504 1132 firmandum
527 1066 652 1153 cepisse
676 1066 736 1132 ille
751 1067 927 1154 tradiditl)
973 1067 1039 1135 Sed
1054 1068 1288 1136 attendendum
1305 1072 1357 1135 est

192 1196 266 1240 eum
295 1177 404 1239 tamen
435 1172 534 1239 aliam
562 1173 785 1240 narrationem
822 1174 954 1241 aliunde
988 1175 1134 1262 petitam>
1165 1176 1355 1264 protulisse,

193 1303 276 1369 quae
299 1284 333 1346 et
354 1279 428 1368 ipsa
442 1280 655 1346 Pisistratum
679 1280 849 1368 imperium
866 1304 961 1347 sunm
982 1285 1147 1348 tutantem
1170 1281 1356 1368 ostendier)

191 1389 352 1455 Praetera
381 1387 542 1454 nonnulla
571 1388 638 1454 alia
669 1391 808 1476 praebet
838 1389 878 1454 de
901 1389 1019 1477 quibus
1042 1388 1233 1456 Herodotus
1255 1393 1356 1456 tacet.

194 1495 286 1576 Quae
317 1517 390 1560 eum
421 1496 526 1562 omnia
558 1518 598 1560 ex
627 1495 809 1562 Athidibus
840 1498 1020 1584 sumpsisse
1054 1501 1093 1563 ut
1123 1519 1163 1567 ex
1194 1497 1241 1564 eis
1272 1519 1357 1586 quae

192 1601 333 1667 vidimus
356 1601 405 1667 ita
428 1624 468 1667 ex
491 1602 593 1668 schol.
612 1602 655 1668 ad
670 1601 845 1691 Aristoph.
862 1603 1008 1669 Acharn.
1025 1627 1056 1670 v.
1081 1602 1146 1672 234
1163 1603 1357 1672 concludere

191 1709 279 1788 licet,
296 1708 353 1774 ubi
364 1706 605 1776 Androtionem
616 1709 656 1776 de
668 1709 756 1776 bello
769 1732 790 1776 a
801 1710 979 1778 Pisistrato
992 1715 1108 1778 contra
1118 1709 1357 1778 Atthenienscs

191 1819 286 1902 gesto
316 1815 507 1904 exposuisse
536 1816 718 1903 legimusr)
763 1817 828 1884 Hic
859 1817 964 1904 igitur
990 1817 1133 1885 fortasse
1155 1817 1358 1884 Aristoteles

196 1922 354 2011 comperit
375 1923 589 1990 Pisistratum
612 1924 752 1990 Athenis
784 1925 959 2013 expulsum
982 1925 1024 1991 ad
1046 1925 1155 1992 locum
1185 1923 1355 2014 quendam,

193 2029 250 2118 qui
263 2031 417 2109 Ῥαίκηλος
440 2031 641 2119 appellatur,
666 2035 700 2097 at
722 2031 765 2097 ad
789 2031 862 2098 loca
886 2033 1007 2099 circum
1023 2032 1211 2118 Pangaeum
1234 2031 1301 2098 sita
1323 2054 1359 2098 se

194 2135 374 2204 contulisse
396 2136 506 2224 ibique
529 2137 685 2219 pecunias
714 2142 748 2204 et
770 2137 892 2204 milites
922 2137 986 2204 sibi
1013 2137 1295 2226 comparavisse,⁴)
1323 2139 1359 2204 in

193 2265 306 2332 pugna
320 2243 395 2331 ipsa
409 2242 651 2310 Eretriensium
667 2244 793 2326 equdtes
817 2267 838 2310 a
852 2244 989 2331 tyranni
1012 2244 1163 2331 partibus
1187 2243 1359 2332 stetisso‚⁶)

194 2349 336 2416 victoria
359 2353 551 2438 comparata
573 2351 788 2418 Pisistratum
809 2351 933 2440 populo
957 2373 1049 2418 arma
1071 2351 1271 2438 ademissei)

282 2456 375 2523 lllud
398 2480 527 2545 quoque
551 2458 638 2546 quod
667 2463 784 2546 postea
810 2458 963 2545 legimus:
1001 2464 1250 2542 „oooopoxrouvvo
1276 2461 1359 2540 χίλιοι

195 2562 280 2648 (scil.
301 2564 437 2650 Ἀργεῖοι)
460 2562 510 2644 τὴν
526 2569 573 2626 ἐπὶ
589 2567 746 2644 Παλληνίδι
769 2564 897 2651 μάχητῖ)
921 2565 1058 2632 eundem
1079 2565 1203 2632 fontem
1226 2565 1361 2652 resipit3

194 2669 385 2737 Herodotus
409 2672 494 2738 enim
517 2673 717 2759 Argivorum
740 2696 910 2740 numerum
933 2695 999 2739 non
1021 2671 1201 2758 tradidit⁸).

284 2777 396 2844 Variis
418 2779 590 2844 Pisistrati
614 2779 757 2846 fortunis
781 2779 940 2867 expositis
964 2777 1162 2843 Aristoteles
1193 2777 1232 2842 de
1254 2776 1361 2864 ipsius

195 2885 327 2972 imperii
369 2889 461 2952 statu
504 2908 542 2951 ac
585 2885 770 2953 conditione
808 2885 967 2952 nonnulla
1009 2883 1071 2949 sibi
1105 2881 1256 2949 addenda
1289 2906 1361 2950 esse

197 2991 333 3056 censuit.
394 2992 522 3074 Quibus
563 2992 602 3058 de
641 2994 740 3059 rebus
776 3015 849 3058 eum
884 2989 1065 3072 compluria
1096 2988 1130 3054 in
1164 2986 1360 3058 Atthidibus

196 3097 321 3163 tradita
355 3097 521 3166 invenisse
552 3122 593 3166 ex
616 3098 849 3187 Areopagitico
881 3095 1040 3164 Isocratis
1063 3097 1233 3185 probatur,
1266 3119 1361 3186 quem

197 3207 231 3270 et
252 3204 361 3291 ipsum
384 3225 423 3271 ex
448 3204 586 3272 Atthide
615 3227 686 3272 esse
709 3208 896 3270 mutuatum
918 3202 1049 3270 Keilius
1077 3201 1215 3290 evicitd)
1261 3202 1360 3270 Colli-

227 3315 386 3322 -—..-.-—.

288 3349 308 3414 ¹)
326 3347 390 3401 Hdt.
410 3349 431 3416 L
450 3348 492 3403 64.

288 3436 310 3502 ⁹)
330 3454 354 3504 p.
375 3436 550 3504 15‚20-16,5
569 3437 602 3491 K.
621 3436 665 3489 W.

288 3526 307 3592 i)
327 3526 434 3580 Androt.
454 3526 502 3594 irg.
521 3527 555 3582 42
574 3525 614 3580 M:
633 3519 660 3576 οἱ
677 3523 823 3590 Παλληνεῖς
842 3520 923 3591 δῆμός
941 3522 994 3575 ἐστι
1012 3523 1056 3590 τῆς
1072 3521 1192 3590 Ἀττικῆς,
1213 3523 1280 3574 ἔνθα
1299 3525 1361 3573 Πει-

281 3615 286 3632 ’
406 3633 421 3665 ο
454 3633 489 3678 νῳ
506 3633 536 3666 τυ
554 3613 640 3666 cmiv
658 3618 702 3665 nul
719 3611 869 3678 Ἀθηναίοις
887 3599 1055 3682 ἀμυνομένοις
1081 3610 1158 3665 αὐτὸν
1176 3609 1287 3680 adhunc
1305 3629 1361 3662 ouv-

275 3811 323 3849 u.

288 3882 309 3950 ⁴)
328 3899 353 3950 p·
374 3882 546 3952 lus-lull
568 3883 600 3938 K.
622 3882 665 3937 W.

289 3971 310 4038 ⁶)
329 3969 453 4039 p.'15‚16
471 3971 503 4026 Κ.
524 3972 569 4026 W.

290 4060 310 4129 ¹⁵)
329 4077 354 4128 p.
376 4061 549 4131 14‚21-16‚5
567 4061 599 4118 K.
619 4061 663 4114 W.

291 4149 355 4218 Ἣ).
377 4148 453 4220 18,16
472 4149 505 4205 K.
524 4151 569 4206 W.

289 4239 312 4306 ⁸)
332 4239 394 4295 Hdt.
413 4240 434 4309 Ι,
453 4242 500 4297 61:
528 4244 572 4292 καὶ
599 4240 649 4312 γὰρ
674 4239 782 4310 Ἀργεῖοι
799 4239 930 4305 μισθωτοὶ
957 4235 1082 4288 ἀπίκοντο
1107 4233 1134 4285 ἐκ
1153 4230 1362 4299 Πελοποννήσου,

291 4327 389 4398 ¹)Ksil
419 4331 458 4380 die
488 4333 618 4383 salomen
652 4332 805 4397 Versarsung
836 4330 863 4378 in
893 4327 1033 4378 Aristoteles
1067 4325 1363 4394 Vesfassungsgercto'chtq

202 4421 295 4492 Athens
312 4417 398 4474 Borol.
419 4418 495 4476 1892.
514 4436 539 4492 p.
558 4417 671 4492 81-92,
690 4420 734 4475 ubi
752 4419 824 4474 locos
842 4415 987 4500 omnptor
1010 4413 1121 4485 invellit
