3144 4826
714 399 720 406 .
746 305 801 404 ,5,5,
814 399 846 406 ,.

276 499 434 568 Similiter
457 501 594 566 allorum
618 501 798 568 sententias
822 499 952 584 saepius
968 500 1129 569 refutavit
1150 503 1184 568 iu
1208 503 1351 586 reliquis,

187 607 228 674 de
251 607 366 688 quitus
389 614 545 674 adcurate
569 607 694 678 Keilins
717 607 881 676 disseruit.
914 609 967 676 Ite
990 609 1023 675 iu
1048 607 1160 695 primis
1174 610 1208 676 iu
1224 609 1351 677 verbis:

186 711 219 774 εὸ
252 711 306 794 γὰρ
330 713 450 795 dolatos
485 719 541 780 εεε.
555 714 593 800 ¹),
629 713 704 794 quia
739 713 836 782 aliter
871 714 904 782 in
939 733 1086 782 connexu
1115 717 1352 785 sententiarum

187 820 317 887 omnino
352 838 416 887 non
450 819 592 905 intelligi
627 839 721 905 posse
755 821 920 905 videntur,
956 823 1155 890 sententiam
1190 825 1353 906 quandam

186 925 294 993 refelli
328 935 362 994 et
395 946 467 994 eam
498 926 625 1009 quidem
654 947 749 1010 qnam
773 929 937 996 Isocrates
960 928 994 996 in
1015 932 1132 1013 Areop.
1155 931 1174 1014 ἕ
1197 931 1239 998 22
1263 939 1298 998 et
1319 933 1353 998 in

186 1033 431 1100 Panathenaico
456 1033 592 1118 protulit
614 1037 700 1101 idem
725 1035 777 1102 vir
793 1037 908 1102 doetus
931 1037 1133 1123 probavit2);
1159 1055 1353 1119 quamquam

187 1141 286 1206 etiam
309 1141 388 1208 lieet
403 1141 530 1225 opinari
547 1141 805 1225 Atthidographi
821 1145 1055 1225 narrationem,
1080 1161 1175 1225 quam
1191 1145 1355 1213 Isocrates

187 1259 317 1316 secutus
340 1249 396 1332 sit,
427 1249 507 1316 reici
542 1257 575 1316 et
609 1248 663 1314 hio
697 1259 730 1315 et
764 1249 796 1316 in
833 1251 1062 1330 sequentibus:
1100 1253 1186 1330 φυλαὶ
1221 1255 1245 1312 d
1283 1248 1355 1331 ἦσαν

186 1361 329 1436 τέτταρες,
353 1355 543 1436 καθάπερ
566 1355 757 1436 πρότερον
785 1363 842 1424 aui.
890 1357 1051 1425 Videntur
1073 1357 1160 1425 ellim
1184 1359 1355 1426 Atthidum

187 1461 380 1546 scriptores,
406 1473 442 1528 ut
466 1464 592 1530 Solonis
615 1463 753 1547 gloriam
777 1473 955 1548 angerent,
986 1465 1162 1532 tradidisse
1185 1465 1355 1549 plerosque

188 1569 397 1652 magistratus
444 1589 506 1636 non
546 1569 716 1638 institutos
759 1571 925 1654 accepisse
963 1571 1115 1641 Solonem
1153 1574 1213 1640 sed
1250 1573 1356 1655 ipsum

186 1675 368 1744 instituisse
392 1678 482 1744 etin
506 1677 556 1744 his
580 1677 679 1746 etiam
697 1683 915 1762 Areopagum.
956 1677 1079 1748 Contra
1102 1681 1184 1746 liaeo
1206 1685 1357 1762 spectant

187 1783 376 1851 Aristotelis
399 1787 502 1852 verba
526 1789 559 1852 in
584 1787 699 1852 eodem
735 1805 805 1870 unp.
840 1785 878 1854 8:
913 1787 963 1868 τὴν
998 1789 1029 1850 dl
1062 1799 1117 1853 rev
1146 1787 1356 1868 Ἀρεοπαγιτῶν

187 1891 267 1976 (scil.
290 1890 407 1976 βουλήν)
432 1891 530 1966 ε’ναξεν
563 1897 608 1954 dni
644 1892 678 1955 τὸ
706 1897 928 1974 nummulamis,
963 1893 1058 1976 ὥσπερ
1093 1896 1257 1976 ὑπῆρχεν
1291 1899 1355 1955 καὶ

188 1999 380 2080 πρότερον
403 2005 465 2066 ml.
511 1999 580 2068 Neo
608 2019 672 2067 non
696 2001 955 2088 Atthidographi
977 2001 1143 2069 sententia
1166 2010 1235 2084 est,
1259 2019 1356 2082 quam

187 2103 283 2172 affert
305 2107 503 2174 Aristoteles
536 2105 660 2176 verbis:
691 2107 798 2170 οῶνναε
828 2110 880 2186 μὲν
903 2103 952 2172 οὖν
979 2131 1054 2180 τινες
1080 2111 1210 2188 ἐπίτηδες
1232 2109 1357 2188 ἀσαφεῖς

187 2211 276 2274 αὐτὸν
299 2221 418 2294 ποιῆσαι
441 2211 507 2286 τεὺς
530 2213 665 2294 vinnoci)
689 2215 803 2296 quibus
827 2214 1011 2283 affirmatur
1027 2216 1176 2282 Solonem
1201 2215 1299 2282 etiam
1323 2215 1356 2280 in

187 2317 314 2402 legibus
347 2317 492 2388 ferendis
527 2322 570 2387 ad
603 2321 713 2404 populi
744 2322 913 2388 commoda
937 2323 1183 2408 spectavisset.
1229 2321 1301 2405 Qua
1323 2321 1356 2387 in

187 2426 352 2494 sententia
367 2426 544 2494 refutanda
558 2425 738 2512 Stagirites
766 2430 871 2495 utitur
887 2439 1080 2510 argumento
1097 2445 1137 2494 ex
1153 2427 1357 2512 philosophia

188 2531 336 2616 petitor).

275 2641 426 2723 Denique
462 2642 560 2709 etiam
595 2641 687 2722 leges
719 2643 800 2710 duas
823 2643 951 2710 Solonis
974 2661 1058 2724 qnae
1082 2643 1292 2727 laudantur⁸)
1316 2661 1356 2709 ex

187 2749 340 2827 Atthide,
366 2748 505 2816 sortasse
529 2748 757 2832 Androtionis,
781 2748 995 2816 Aristotelem
1026 2749 1203 2831 sumpsaise
1226 2755 1356 2815 eontan-

187 2853 344 2920 derimns:
368 2875 443 2922 nam
461 2855 697 2924 Androtionam
714 2856 805 2939 leges
820 2857 863 2922 ad
879 2858 1014 2922 verbnm
1031 2855 1206 2922 tradidisse
1222 2856 1356 2942 snprall

187 2957 337 3040 vidimus,
362 2969 396 3026 et
418 2963 520 3030 verba
544 2981 627 3044 quae
643 2961 689 3028 ibi
705 2961 936 3044 exsoripsimus
959 2979 1090 3043 prorsus
1115 2961 1258 3029 eiusdem
1282 2971 1357 3028 sont

188 3063 318 3148 generis
356 3073 455 3147 atque
494 3089 533 3135 ea
572 3087 656 3150 qnae
695 3089 726 3152 p.
766 3069 819 3154 8,7
866 3069 1019 3153 legimus:
1059 3067 1136 3150 ,wic
1182 3069 1358 3150 remotoque

187 3169 378 3254 oloronimrr‘
402 3177 451 3235 ami
474 3177 648 3254 ,ἀναλίσκειν
663 3182 695 3237 ἐκ
717 3187 768 3238 νοῦ
789 3185 982 3258 ναυκραρικοῦ
1003 3177 1159 3257 ἀργυρίουῆ

277 3283 328 3348 nd
352 3291 530 3348 extremum
562 3300 772 3363 quaeramus,
803 3299 877 3348 num
902 3281 1093 3348 Herodotea
1123 3299 1249 3368 qnoque
1272 3299 1356 3363 qnae

188 3389 228 3456 de
266 3389 382 3456 Solone
417 3395 551 3454 exstant
585 3387 711 3455 tradito
744 3387 939 3455 Aristoteles
973 3387 1165 3470 inspexerit,
1201 3387 1230 3455 si
1264 3389 1356 3456 modo

188 3495 380 3576 quaestione
405 3512 486 3577 opus
509 3493 561 3560 sit.
602 3494 684 3560 Nam
709 3515 786 3563 vero
811 3494 988 3577 proximum
1012 3501 1064 3560 est
1088 3493 1280 3578 Stagiritem
1304 3495 1358 3561 hir.

188 3619 316 3684 qnoque
344 3601 466 3668 adiisse
491 3612 625 3684 ,patrem
650 3600 825 3684 historiae',
851 3619 913 3682 quo
938 3619 1010 3668 enm
1033 3600 1227 3682 ubicumque
1248 3613 1358 3684 posset

279 3745 299 3803 'l
318 3760 343 3814 p.
362 3745 386 3812 7,
405 3743 512 3802 28-28
532 3743 564 3800 K.
584 3743 628 3798 W.

279 3835 299 3900 ¹)
319 3833 377 3889 Keil
396 3833 413 3888 l.
434 3834 450 3888 l.
471 3851 494 3904 p.
515 3833 629 3888 78-00.

280 3925 299 3990 o
319 3941 342 3994 ρ.
363 3925 388 3994 9,
407 3925 423 3982 ν
443 3923 475 3978 r.
495 3924 538 3977 w.

277 4015 297 4082 ⁴)
317 4013 389 4070 Haeo
408 4013 595 4070 Duenumleros
613 4012 705 4068 Herm.
726 4013 758 4068 27
780 4029 804 4082 p.
825 4013 875 4070 eut
894 4013 926 4066 ad
947 4010 1041 4068 Critiae
1061 4009 1179 4068 libellum
1198 4011 1309 4068 rettulit.

278 4101 298 4164 ⁶l
318 4101 387 4162 Keil.
407 4103 423 4162 i.
443 4103 460 4160 l.
480 4121 504 4174 p.
526 4103 577 4158 158
595 4101 654 4158 adn.
676 4105 688 4156 1
710 4103 812 4156 oonlert
830 4101 912 4158 loona:
932 4099 1010 4158 Polit
1030 4099 1099 4158 1282
1118 4101 1175 4170 bl,
1197 4099 1264 4158 1207
1283 4099 1358 4172 bl'l3

190 4187 260 4246 1286
277 4193 349 4258 sum
369 4193 429 4250 Eth.
451 4195 517 4252 1137
538 4193 595 4248 bt?
615 4207 672 4262 sqq.
692 4191 799 4250 Rhetor.
821 4193 888 4248 1374
908 4191 964 4248 ald
982 4205 1038 4260 sqq.

278 4279 343 4350 ‘lla
364 4282 388 4348 7,
407 4281 441 4336 28
460 4297 517 4352 sqq.
537 4285 563 4338 et
582 4281 607 4347 Β,
628 4281 642 4334 7
663 4297 719 4350 sqq.
741 4279 773 4334 K.
793 4279 836 4338 W.

282 4369 299 4438 ¹)
318 4385 398 4438 supra
417 4387 440 4438 p.
460 4373 503 4426 40.
