3144 4826
782 361 803 428 b

299 557 383 626 Cum
414 559 495 626 haec
523 559 633 627 omnia
664 561 763 627 etiam
789 561 824 626 in
855 583 926 649 cap.
949 557 1164 626 antecedente
1188 561 1374 637 occurrent,

210 691 266 734 eas
305 689 436 756 quoque
473 689 527 734 res
566 667 700 734 eundem
737 667 859 734 habere
897 666 1055 754 originem
1091 685 1261 752 ponamus.
1324 664 1376 731 Ad

209 772 416 840 Herodotum
440 773 525 840 enim
548 773 629 840 nihil
652 774 717 840 nisi
738 776 843 840 verba
864 777 1026 862 spectant,
1055 772 1174 860 quibus
1204 771 1245 838 de
1267 771 1375 838 tribus

208 881 242 946 in
258 879 378 947 Attica
400 877 600 947 factionibus
623 881 744 968 agitur,
769 887 803 948 et
826 905 866 947 ne
890 903 929 948 ea
953 880 1082 969 quidem
1106 879 1193 945 omni
1216 901 1256 944 ex
1279 883 1376 965 parte

209 1010 284 1054 cum
306 987 366 1053 illo
389 988 606 1054 consentiunt.
653 987 690 1054 Si
713 989 797 1054 enim
821 990 923 1056 verba
946 1007 1188 1076 comparamus:

391 1110 469 1178 Hdt.
493 1112 521 1197 Ι,
546 1111 588 1178 59
884 1113 949 1177 Ἀθ.
973 1112 1038 1177 ποί..
1062 1133 1092 1197 p.
1118 1107 1215 1192 13‚13
1238 1133 1308 1198 sqq.

211 1218 420 1292 στασιαζόντων
453 1229 511 1283 τῶν
544 1217 683 1299 παράλων
718 1223 766 1280 καὶ
822 1217 894 1300 ἦσαν
922 1221 953 1280 δὲ
983 1223 1016 1278 αι’
1044 1215 1162 1287 στάσεις
1189 1227 1273 1296 τρεῖς·
1322 1221 1375 1294 μιά

210 1335 267 1388 τοῖν
289 1331 320 1387 ίκ
347 1335 398 1387 τοῦ
424 1330 531 1398 πεδίου,
560 1331 607 1386 καὶ
636 1337 693 1388 τῶν
715 1328 766 1404 μίν
819 1329 872 1406 μὲν
893 1335 948 1388 τῶν
968 1325 1128 1404 παραλίων,
1144 1318 1181 1386 ὧν
1197 1321 1375 1403 προειστήκει

211 1441 407 1512 προεστεῶτος
430 1435 596 1514 Μεγακλέος
619 1443 670 1494 τοί·
691 1433 766 1493 {llu—
822 1435 977 1515 Μεγακλῆς
1013 1432 1029 1492 ὁ
1065 1430 1249 1510 ῗιίλκμίωνος,
1295 1428 1378 1512 υίπερ

208 1545 325 1618 μίανος,
822 1539 940 1604 ἐδόκουν·
962 1538 1088 1618 μάλιστα
1104 1535 1212 1602 διώκειν
1226 1536 1276 1618 τὴν
1290 1542 1378 1618 μίσνγν

461 1658 516 1710 τῶν
539 1649 568 1708 δὲ
593 1654 624 1708 ἐκ
647 1659 698 1708 τοῦ
720 1671 767 1707 πε·
821 1651 978 1712 πολιτείαν,
1018 1642 1090 1726 ἄλλη
1104 1647 1134 1708 ol
1149 1657 1204 1709 τῶν
1226 1651 1376 1730 neumam,

209 1757 271 1816 δίου
820 1753 914 1835 οίτίγν
937 1754 1103 1836 ὀλιγαρχίαν
1125 1751 1247 1833 ἐζήτουν.
1287 1753 1378 1835 ι’γγειτο

210 1861 451 1942 Λοκοίργου...,
477 1857 568 1943 ι’γγειρε
591 1861 673 1947 (scil.
698 1868 765 1923 Ιίει·
819 1862 940 1925 δἀδτῶν
979 1865 1151 1941 Λυκοῦργος.
1197 1863 1276 1940 τρίτη
1313 1860 1378 1941 δ’ίγ

210 1967 376 2054 οίοτρατος)
399 1970 493 2048 τρίτιγν
516 1965 692 2036 στάσιν...
716 1973 764 2030 καὶ
819 1979 876 2032 τῶν
912 1969 1058 2046 διακρίιυν,
1089 1967 1134 2046 ἐφ’
1164 1963 1181 2047 ᾗ
1210 1973 1379 2048 τεταγμένος

209 2083 251 2150 τῷ
268 2073 341 2156 λόγῳ
356 2085 410 2137 τῶν
432 2079 613 2156 ὑπερακρίων
635 2073 765 2156 προστὰς
821 2071 852 2151 ἢν
887 2079 1113 2155 Πεισίστρατος,
1153 2071 1379 2153 δημοτικώτατος

209 2191 367 2264 μηχανᾶται
393 2179 533 2250 τοιάδε..
553 2232 560 2247 .
820 2181 892 2244 ιίναι
916 2187 1016 2246 δοκῶν.

210 2307 378 2393 colligitur
400 2307 580 2374 lactionum
605 2307 735 2374 nomina
751 2307 863 2374 afferri
879 2306 1018 2398 paulum
1035 2311 1236 2372 commutata
1252 2312 1285 2374 et
1301 2307 1377 2376 addi

211 2435 294 2502 quae
316 2437 338 2481 a
360 2413 500 2502 singulis
523 2417 730 2502 petebantur.
778 2414 898 2504 Itaque
929 2435 1125 2502 quamquam
1156 2414 1377 2483 narrationem

209 2519 251 2586 ad
273 2519 436 2588 Herodoti
459 2520 643 2608 exemplum
666 2521 839 2587 formatam
873 2541 947 2588 esse
979 2542 1042 2586 non
1070 2543 1234 2606 negemus,
1266 2527 1376 2590 tamen

208 2632 349 2716 apparet
363 2627 580 2695 Aristotelem
604 2627 656 2694 hic
680 2649 809 2716 quoque
832 2628 1021 2718 respexisse
1045 2627 1181 2694 eundem
1197 2635 1375 2716 auctorem,

209 2755 303 2822 quem
326 2740 460 2800 secutus
484 2739 536 2801 est
559 2735 593 2800 in
616 2733 754 2823 reliquis
771 2736 812 2800 ab
829 2733 1002 2802 Herodoto
1018 2735 1142 2801 alicnis.
1188 2735 1235 2801 Et
1250 2737 1279 2802 si
1294 2737 1375 2804 haec

208 2841 430 2907 examinamus
452 2841 668 2928 intelligimus
691 2841 813 2907 fontem
836 2841 933 2908 illum
956 2862 1010 2906 res
1038 2841 1080 2908 ad
1105 2841 1249 2910 Atticam
1272 2845 1373 2912 histo·

208 2947 290 3014 riam
325 2949 528 3038 pertinentes
563 2975 627 3016 non
664 2949 823 3016 orationis
859 2949 1061 3017 ornamentis
1096 2950 1277 3017 instructas
1316 2953 1375 3020 sed

207 3053 400 3142 simpliciter
444 3063 617 3122 enarratas
664 3061 698 3120 et
735 3056 768 3122 in
817 3077 977 3122 annorum
1024 3055 1170 3123 ordinem
1221 3058 1373 3126 redactas

208 3161 407 3248 praebuisse.
455 3161 548 3244 Quae
578 3187 650 3229 cum
678 3163 727 3228 ita
758 3163 825 3228 sint
858 3161 1003 3229 dubitari
1035 3187 1098 3229 non
1123 3187 1221 3252 posse
1244 3164 1375 3234 videtur

207 3267 283 3356 quin
308 3267 508 3336 Aristoteles
532 3267 731 3336 Atthidibus
759 3292 840 3334 usus
868 3270 921 3348 sit,
957 3293 1039 3358 quas
1072 3271 1240 3337 annalium
1266 3272 1374 3338 instar

207 3397 260 3440 res
283 3376 414 3442 Atticas
438 3377 633 3466 simpliciter
656 3376 855 3442 tractavisse
886 3377 1046 3464 scimusl)
1093 3377 1209 3460 ltaque
1242 3403 1263 3444 a
1294 3402 1372 3446 vero

208 3505 270 3548 oon
294 3483 530 3564 aberrabimus,
562 3485 591 3549 si
622 3491 655 3550 et
682 3483 763 3550 haec
792 3483 900 3549 omnia
923 3489 957 3548 et
980 3483 1040 3550 illa
1062 3507 1082 3550 a
1106 3483 1224 3572 quibus
1249 3485 1373 3572 egressi

206 3611 318 3654 sumus
335 3589 544 3656 Herodoteae
561 3589 743 3656 narrationi
759 3589 957 3678 interposita
977 3613 1016 3655 ex
1035 3589 1232 3658 Attlridibus
1251 3592 1372 3658 hausta

206 3719 277 3762 csse
306 3695 472 3784 ponimus;
509 3696 542 3764 id
577 3695 665 3784 quod
699 3698 861 3785 probatur
896 3721 933 3762 eo
968 3696 1040 3764 loco
1075 3721 1139 3785 quo
1170 3697 1372 3766 Aristoteles

205 3802 367 3870 Herodoti
402 3804 586 3870 sententiae
619 3805 757 3892 opponit
785 3804 970 3894 opinionem
999 3804 1147 3882 aliorum,
1184 3804 1215 3870 io
1252 3806 1372 3894 quibus

205 3911 352 3976 occurrit
375 3909 670 4000 Atthidographus.
716 3909 872 3998 Legimus
896 3911 980 3977 euim
1004 3909 1129 3996 haec²):

297 4089 314 4156 ¹)
333 4089 366 4143 cl.
386 4089 462 4144 Dion.
482 4087 567 4145 Helio.
588 4089 663 4142 truh.
686 4090 696 4144 l
717 4105 741 4156 μ.
762 4089 795 4142 23
815 4089 866 4149 (ad.
888 4088 996 4156 Κείους
1021 4089 1107 4156 σχῆμα
1127 4085 1154 4140 δὲ
1173 4085 1320 4156 ἀποδίδωμι
1341 4091 1371 4160 ιῇ

205 4180 370 4246 πραγματείᾳ
388 4176 500 4234 οὕτε...
515 4175 572 4231 cire
601 4179 674 4232 ταῖς
701 4181 880 4246 χρονικαῖς
905 4177 1095 4248 παραπλήσιον,
1120 4177 1177 4234 α’ίακ
1202 4173 1328 4240 ίξίδιυιιτν
1346 4173 1374 4230 oi

206 4265 251 4324 mie
267 4263 391 4324 Ἀτθίδας
408 4269 676 4338 πραγματευσάμενοι.
708 4265 906 4336 μονοειδεῖς
924 4267 975 4338 γὰρ
994 4267 1091 4322 ίκεῒναί
1107 4289 1133 4322 τε
1147 4273 1189 4322 καί
1210 4269 1273 4336 ταχὺ
1291 4287 1370 4340 apos·

204 4357 341 4424 κτάμεναι
358 4359 413 4414 τοῖς
430 4353 573 4414 δκοῦευτιν.

294 4445 389 4518 Ἶῖίθ.
408 4445 466 4506 ποί.
486 4465 510 4522 p.
533 4449 608 4520 lisld
629 4447 659 4508 K.
681 4448 722 4508 W.
