3144 4826
684 337 726 412 17

130 539 330 610 Herodotum
363 541 478 628 gravis
501 545 620 612 auctor
642 540 864 630 Thucydides,
901 544 1001 630 atque
1023 544 1200 631 utrumqne
1222 540 1293 629 phi·

130 647 298 736 losophurn
330 648 517 736 respexisse
549 647 761 715 manifestum
796 652 857 715 est.
904 648 1028 714 Tamen
1060 649 1096 714 in
1127 649 1175 715 eis
1210 670 1294 737 quae

127 757 228 843 primo
261 754 337 822 loco
370 753 514 842 protulit
522 757 558 841 ¹),
594 753 697 820 alium
730 753 854 820 iontem
877 758 1011 820 secutus
1035 758 1096 839 est,
1120 755 1178 822 ubi
1201 777 1294 822 accu-

126 863 232 930 ratius
265 861 306 929 dc
329 861 502 929 Pisistrati
538 863 639 929 rebus
662 861 851 929 domesticis
888 862 1092 929 tradebatur.
1153 861 1296 930 Videtur

125 969 212 1038 enim
232 969 268 1036 id
289 968 468 1050 studuisse,
498 973 538 1036 ut
559 969 609 1036 ita
632 969 812 1058 compleret
835 975 869 1036 et
892 969 1072 1056 corrigeret
1100 988 1184 1050 qnae
1206 968 1297 1057 apud

124 1078 202 1145 illos
234 1077 376 1165 legerat:
412 1081 644 1145 commemorat
676 1077 887 1166 Jophontem,
924 1076 964 1144 de
987 1099 1051 1165 quo
1073 1076 1125 1142 illi
1147 1076 1238 1156 nihil,
1264 1079 1298 1142 et

126 1183 247 1253 statuit
278 1183 556 1272 Hegesistratum,
597 1206 694 1273 quem
727 1184 918 1252 Herodotus
956 1185 1094 1251 nothum
1126 1183 1298 1251 Pisistrati

126 1292 232 1360 filium
252 1291 358 1360 inisse
380 1291 566 1380 tradidit2),
591 1296 626 1359 et
641 1291 846 1373 Thessalum,
873 1314 969 1381 quem
984 1291 1196 1379 Thucydides
1211 1290 1299 1357 inter

40 1409 43 1427 '
128 1399 294 1489 legitimos
317 1397 406 1467 filios
428 1399 602 1468 rettulisse
624 1399 800 1488 videw),
826 1398 965 1466 eundem
993 1399 1097 1465 fuisse
1125 1399 1299 1487 ipsumque

131 1513 164 1576 et
185 1506 393 1596 Jophcntem
426 1511 524 1576 natos
557 1529 629 1575 esse
653 1530 694 1575 ex
715 1507 848 1595 Argiva
869 1507 930 1574 illa
952 1507 1100 1587 muliere,
1126 1507 1220 1574 cuius
1243 1529 1298 1572 no-

128 1638 203 1682 men
226 1617 263 1682 et
284 1617 415 1702 gentem
438 1614 628 1682 accuratius
651 1614 828 1702 significat.

217 1721 310 1805 Quas
343 1721 481 1790 notitias
511 1721 599 1788 unde
632 1722 792 1803 hauserit,
828 1745 889 1811 pro
918 1725 1009 1789 certo
1044 1720 1212 1788 enucleari
1234 1743 1300 1787 non

128 1833 254 1920 potest,
280 1829 428 1898 sedcum
445 1852 586 1919 eaquae
606 1829 647 1897 de
662 1828 802 1918 Argivis
824 1830 1004 1897 Pisistrato
1028 1828 1299 1895 subvenientibus

128 1936 327 2004 coniunctim
359 1934 549 2022 legnntnr‘)
573 1934 617 2002 ad
638 1935 878 2003 Androtionem
913 1939 1064 2023 spectare
1097 1936 1193 2002 nobis
1226 1935 1301 2001 visa
1394 1925 1397 1932 “

131 2044 242 2129 sinu),
265 2043 430 2130 suspicari
462 2044 543 2112 licet
578 2047 690 2111 cetera
712 2067 842 2133 qnoque
865 2067 906 2111 ex
929 2042 1126 2110 Atthidibus
1149 2042 1299 2126 fluxisse,

130 2151 343 2239 expluribus
367 2151 452 2219 enim
474 2153 563 2220 inter
586 2175 622 2220 se
646 2152 846 2241 comparatis
884 2150 1034 2219 fontibus
1064 2149 1146 2218 haec
1169 2155 1302 2238 sumpta

131 2281 205 2326 esse
227 2259 347 2327 docent
369 2261 522 2346 verba⁶):
547 2269 632 2343 γῆμαι
656 2265 690 2323 δέ
705 2284 779 2341 φασι
801 2257 852 2338 τὴν
875 2259 1007 2340 Ἀργείαν
1022 2260 1117 2337 οἱμὲν
1140 2256 1301 2320 ἐκπεσόντα

130 2365 165 2430 τὸ
187 2375 307 2448 πρῶτον,
332 2369 414 2432 cidi
437 2372 595 2450 κατέχοντα
618 2365 669 2447 τὴν
691 2366 791 2452 ἀργήν.

222 2471 348 2556 Quibus
383 2474 573 2541 accuratius
606 2474 763 2541 tractatis
798 2473 839 2540 de
873 2472 999 2560 Hippia
1034 2477 1068 2539 et
1097 2471 1299 2560 Hipparcho,

129 2579 207 2646 filiis
240 2579 406 2667 legItimis,
443 2603 607 2669 exponere
641 2582 752 2668 pergit
780 2583 821 2668 (c.
846 2578 992 2663 XVIH).
1039 2579 1152 2667 Atque
1176 2579 1210 2644 in
1234 2579 1301 2667 pri·

129 2687 190 2753 mis
212 2687 339 2755 verbis:
364 2687 560 2772 προσβύτορος
582 2688 613 2751 di
636 2687 674 2750 ὢν
698 2693 713 2751 ὃ
736 2691 854 2757 Ἱππίας
878 2735 936 2752 ,..
961 2684 1113 2749 ἐπεστάτει
1137 2697 1186 2766 τῆς
1213 2687 1303 2768 ἀρχῆς

130 2793 318 2880 Thucydidi
352 2817 509 2864 mensus
544 2800 604 2878 est,
641 2794 697 2883 qui
730 2794 854 2861 totiens
888 2792 976 2859 idem
1010 2793 1210 2860 defensitare
1237 2814 1302 2858 non

130 2901 295 2988 destitit⁷)
329 2905 365 2968 et
397 2903 512 2970 multis
546 2903 688 2992 probare
723 2900 854 2967 studuit
889 2901 1134 2988 argumentise).
1192 2902 1303 2989 Ipsius

221 3081 241 3148 ¹)
258 3098 284 3150 p.
304 3080 454 3150 18,10-19
478 3081 512 3138 K.
532 3081 576 3138 W.

219 3169 240 3238 ¹)
259 3169 366 3231 nutv,
385 3169 434 3226 94:
452 3171 590 3234 κατέστησε
608 3166 736 3240 τύραννον
754 3164 823 3222 εἶναι
841 3165 925 3221 παῖδα
942 3169 988 3221 τὸν
1006 3168 1101 3223 ἑωυτοῦ
1123 3170 1209 3222 νόθον
1223 3169 1303 3238 Ἡγη-

136 3259 282 3330 σίστρατον,
301 3259 427 3329 γεγονότα
445 3256 473 3320 ἐξ
488 3257 601 3330 Ἀργείην
618 3260 746 3328 γυναικός.

220 3349 241 3419 ¹)
258 3349 340 3406 Thac.
352 3353 375 3412 1,
388 3349 437 3406 20:
450 3343 594 3420 Ἵππαρχος
605 3354 651 3402 καὶ
664 3348 792 3405 Θεσσαλὸν
812 3345 922 3418 ἀδελφοὶ
934 3343 1002 3416 ἦσαν
1015 3348 1096 3402 αὐτοῦ
1114 3349 1179 3418 (scil.
1191 3348 1304 3411 Ἱππίου)

131 3439 165 3494 ib.
184 3438 231 3500 VI,
250 3441 297 3496 ὅδε
315 3435 407 3496 παῖδας
423 3438 475 3508 γὰρ
494 3436 564 3505 αὐτῷ
589 3440 662 3508 μόνω
689 3439 755 3508 (scil,
771 3439 873 3506 Ἱππίᾳ)
902 3439 1042 3507 φαίνονται
1072 3440 1135 3492 τῶν
1165 3439 1306 3506 γνησίων

131 3524 288 3596 ἀδελφῶν
317 3529 457 3596 γενόμενοι,
488 3527 718 3598 ὡς...σημαι’νει
742 3533 788 3582 καὶ
814 3529 831 3596 ἡ
860 3527 1042 3598 στήλη...ἐν
1060 3523 1078 3602 ᾖ
1099 3526 1231 3582 Θεσσαλοῦ
1257 3527 1307 3596 μὲν

131 3613 187 3668 ced
202 3617 346 3688 Ἱππάρχου
365 3613 448 3673 οὐδεὶς
465 3617 528 3673 παῖς
546 3617 698 3688 γέγραπται,
712 3615 818 3671 Ἱππιόν
838 3615 866 3672 δὲ
884 3620 966 3676 πέντε.

221 3707 242 3772 ⁴)
261 3723 286 3776 p·
308 3705 386 3776 18,16
404 3707 438 3762 K.
457 3707 501 3762 W.

223 3795 244 3862 ⁵)
263 3797 296 3852 ci.
315 3813 397 3866 supra
415 3814 442 3865 p.
463 3797 505 3852 10.

224 3885 245 3949 ⁸)
264 3903 291 3955 p.
311 3886 390 3956 lana
408 3885 441 3942 Κ.
460 3886 505 3940 W.

224 3973 381 4044 ³)'l'buc1,
401 3975 447 4031 20:
468 3973 575 4032 Ἱππίας
592 3974 642 4044 μὲν
664 3976 842 4046 πρεσβύτατος
859 3975 896 4032 ὢν
914 3974 983 4050 ἦρχε.
1021 3979 1054 4032 ib.
1075 3979 1120 4048 Vl,
1140 3983 1186 4038 54:
1202 3981 1307 4036 Ἱππίαν

133 4064 307 4216 γροοβύτοτος
331 4061 368 4117 ὢν
395 4063 451 4130 ἔσχε
469 4063 518 4132 τὴν
543 4063 626 4136 ἀργήν
645 4065 678 4120 ib.
699 4066 744 4128 VI,
765 4069 812 4124 bb:
837 4061 877 4122 du
901 4065 929 4122 di
954 4071 1128 4138 πρεσβύτατον
1151 4067 1188 4122 ὢν
1202 4069 1307 4126 Ἱππίαν

152 4149 195 4220 ρξε
213 4151 264 4208 xri.

224 4241 345 4305 ⁶)Thnc.
365 4243 413 4300 VI.
433 4245 476 4298 55.
521 4244 620 4300 Temen
652 4245 731 4300 etiam
763 4253 823 4314 post
852 4249 1032 4320 Thucydidem
1064 4249 1192 4304 contraris
1221 4249 1307 4316 opinio

136 4328 217 4384 valuit
236 4331 268 4386 ci.
289 4331 333 4388 Pa.
353 4331 421 4386 Piat.
441 4331 583 4402 Hipparrh.
603 4335 656 4392 228
677 4333 709 4390 B:
725 4333 865 4408 Ἱππάρχῳ
883 4335 913 4398 ὃς
931 4337 983 4392 τῶν
1002 4339 1189 4408 Πονονοτρὰτου
1207 4333 1309 4390 παίδων

135 4413 166 4468 dv
185 4417 358 4490 apscfb'rnrco
376 4425 419 4474 xci
440 4423 595 4488 σοφώτατον.

1132 4499 1149 4554 2
