3144 4826
789 353 810 420 7

217 553 425 628 denudum,
441 555 479 621 dre
493 549 639 631 γεγόνασιν
654 554 701 612 dul
712 550 825 634 Ἀρχίου
839 548 985 634 ἄρχοττος,
996 551 1164 632 Ἀνδροτίων
1179 557 1209 614 ἐν
1219 561 1254 632 τῇ
1264 553 1379 622 Ἀτθίδι

216 661 271 717 κη’.
316 655 473 723 Conicere
502 654 582 722 licet
604 654 844 724 Androtionem
872 679 938 726 non
960 656 1012 724 his
1040 660 1171 726 tantum
1200 657 1377 746 suffragia,

216 761 399 854 dequibus
434 764 640 842 ,earumve
674 763 837 852 exposuit,
873 763 932 838 sed
953 763 1090 852 reliquis
1124 786 1252 856 quoque
1286 763 1378 832 colli·

213 869 330 958 gendia
351 874 387 936 et
407 869 579 938 tradendis
613 891 747 959 operam
781 872 966 939 navavisse.
1012 872 1085 964 Hoc
1108 872 1249 940 sirecte
1272 874 1378 940 statu·

214 979 309 1056 imus,
344 976 502 1044 concedes
534 977 752 1044 Aristotelem
775 1000 858 1067 quae
881 977 1010 1066 profert
1031 1001 1062 1065 p.
1088 979 1199 1062 13,22:
1233 977 1307 1057 μετὰ
1328 977 1378 1059 τὴν

214 1095 268 1150 τῦ
303 1083 445 1162 τυράννων
481 1084 636 1146 κατάλυσιν
673 1089 811 1164 ἐποίησαν
855 1083 1056 1165 διαψηφισμότ
1093 1085 1135 1152 ab
1172 1084 1379 1153 Androtione

215 1213 343 1260 sumere
375 1191 532 1279 potuisse.
589 1191 671 1258 Inde
703 1191 845 1258 fortasse
880 1192 1042 1260 conclusit
1075 1213 1159 1280 quae
1191 1191 1375 1280 praemisit:

214 1299 481 1378 τροστκτκόσμηττο
515 1301 545 1360 ol
580 1298 763 1370 τούτοις...
782 1305 810 1360 oi
840 1311 880 1376 τῷ
905 1303 976 1380 ye'm
1010 1297 1049 1376 μὴ
1082 1303 1213 1377 καθαροὶ
1247 1295 1295 1360 διὰ
1328 1296 1379 1360 τὸν

214 1405 314 1488 oilla,
340 1427 537 1495 quamquam
569 1427 745 1494 possumus
783 1427 912 1494 quoque
950 1405 1095 1492 cogitare
1128 1409 1236 1472 totum
1268 1405 1377 1474 locum

214 1513 443 1602 depromptum
466 1535 538 1580 esse
558 1515 599 1580 ab
622 1511 839 1592 Androtioue,
864 1512 942 1602 quia
964 1511 1062 1578 etiam
1084 1511 1279 1580 Aristotelis
1302 1534 1377 1579 auc·

213 1625 304 1688 tores
326 1619 449 1686 similes
471 1619 740 1688 ratiocinationes
762 1620 875 1686 iniisse
897 1619 1076 1707 legimus1).

304 1726 426 1794 Restat
456 1725 606 1794 narratio
636 1726 677 1794 de
700 1725 822 1794 Solone
852 1731 968 1793 contra
998 1725 1167 1792 Pisistrati
1194 1726 1377 1792 machinam

214 1831 459 1917 declamante.²)
505 1831 598 1916 Quae
612 1833 648 1899 in
662 1831 761 1920 plane
777 1833 923 1921 compari
937 1832 1042 1899 forma
1057 1831 1146 1920 apud
1160 1830 1377 1899 Plutarchum

213 1941 247 2006 in
272 1939 343 2006 vita
365 1939 496 2008 Solonis
519 1939 558 2024 (c.
584 1938 699 2025 XXX)
723 1943 843 2005 exstat.
889 1939 1012 2006 Tamen
1035 1937 1176 2005 alteram
1207 1960 1248 2004 ex
1270 1937 1379 2006 altera

214 2045 350 2112 fluxisse
378 2045 450 2112 veri
482 2043 590 2112 simile
617 2067 683 2112 non
710 2051 770 2124 est,
807 2044 887 2126 quia
913 2044 1114 2112 Plutarchus
1149 2044 1217 2112 alia
1248 2066 1378 2134 quoque

216 2153 348 2221 Solonis
363 2151 453 2219 dicta
476 2173 675 2220 conservans
699 2152 884 2241 copiosiora
902 2150 1042 2218 tradidit
1065 2172 1168 2234 eaque
1182 2151 1247 2219 toti
1268 2173 1380 2220 rerum

216 2259 429 2349 descriptioni
451 2259 587 2342 inserta,
618 2259 816 2328 Aristoteles
844 2259 960 2348 paucis
989 2263 1122 2326 tentum
1148 2281 1308 2328 summam
1329 2259 1380 2326 rei

214 2367 356 2456 protulit
378 2389 515 2456 eamque
538 2388 559 2432 a
582 2367 719 2454 reliquis
743 2371 960 2454 segregatam.
1015 2365 1090 2448 Qua
1111 2387 1147 2432 re
1171 2366 1378 2454 probabilius

215 2479 399 2542 statuemus
422 2474 596 2556 utriusque
619 2475 842 2542 narrationem
861 2477 1013 2562 spectare
1029 2473 1073 2540 ad
1088 2473 1226 2541 eundem
1241 2471 1376 2554 fontem,

215 2585 255 2646 ut
280 2580 488 2670 suspicamur
514 2579 557 2646 ad
586 2578 760 2646 Atthidem
790 2577 962 2668 quandem,
996 2577 1039 2646 ed
1068 2579 1163 2646 cuius
1193 2581 1378 2670 exemplum

216 2686 417 2755 Plutarchus
451 2687 523 2754 sive
557 2691 674 2753 auctor
706 2707 803 2774 quem
836 2690 970 2752 secutus
1005 2691 1057 2752 est
1089 2687 1123 2752 in
1150 2709 1187 2753 re
1214 2692 1248 2754 et
1270 2687 1377 2756 t'orma

214 2795 321 2862 alfius
344 2817 380 2862 se
403 2794 564 2874 adiunxit,
590 2815 663 2861 cum
677 2793 880 2860 Aristoteles
895 2794 1116 2860 narrationem
1132 2794 1241 2862 sinon
1263 2817 1376 2863 veram

215 2907 252 2968 at
285 2907 375 2968 certe
404 2903 486 2968 bene
521 2902 742 2988 excogitatam
776 2899 977 2980 existimans,
1018 2901 1096 2990 quia
1134 2900 1210 2968 inde
1244 2901 1375 2970 Solonis

214 3009 380 3096 ingenium
413 3007 649 3096 pespiceretur,
692 3027 830 3096 prorsus
872 3005 1038 3094 negligere
1078 3007 1224 3074 noluerit
1262 3008 1375 3091 itaque

214 3113 430 3182 additamenti
452 3115 526 3182 loco
549 3113 685 3182 astricte
709 3113 929 3180 adnotaverit.

301 3221 502 3290 Perceneitis
527 3243 610 3310 quae
633 3221 667 3288 in
691 3243 784 3310 capp.
811 3220 852 3286 13
876 3225 910 3286 et
934 3219 975 3286 14
997 3220 1112 3288 insunt
1138 3221 1287 3288 omnibus
1309 3223 1374 3290 iam

214 3329 293 3418 quid
326 3328 470 3396 macuti
504 3327 605 3395 simus
638 3326 817 3394 videamus
874 3324 1045 3416 Apparuit
1078 3349 1189 3396 eorum
1216 3349 1300 3417 quae
1334 3329 1375 3397 de

212 3437 390 3504 Pisistrato
423 3437 456 3503 in
492 3457 562 3524 cap.
602 3433 640 3502 14
675 3435 813 3523 legimus
848 3439 1015 3502 auctorem
1048 3433 1151 3502 luisse
1184 3435 1374 3522 primarium

213 3543 427 3624 Herodotum,
459 3543 554 3610 cuius
582 3542 729 3610 narratio
760 3562 956 3630 quamquam
978 3541 1020 3608 ad
1043 3543 1179 3610 verbum
1209 3541 1375 3612 translata

213 3655 322 3718 mmen
357 3657 391 3718 et
423 3652 456 3718 in
492 3648 656 3717 scribendi
684 3670 804 3736 genere
834 3653 963 3716 mutata
992 3652 1027 3716 et
1056 3649 1089 3714 in
1119 3650 1219 3716 rebus
1241 3648 1374 3718 chuade

212 3756 377 3826 incuncta
392 3757 573 3826 exhibetur·
606 3755 711 3824 Vides
725 3755 831 3844 igitur
840 3754 1044 3826 intercedere
1056 3754 1191 3824 eandem
1203 3755 1372 3837 rationem

213 3881 311 3944 quam
344 3863 432 3930 inter
468 3863 605 3932 eundem
639 3861 845 3932 Herodotum
883 3869 918 3932 et
950 3861 1176 3944 Aristotelem,
1216 3862 1373 3932 historiae

213 3969 404 4040 minelium
442 3977 623 4052 auctorem,
662 3977 814 4040 coustue
856 3972 920 4040 iam
967 3971 1164 4059 novimus.⁸)
1235 3969 1375 4040 Praeter

214 4103 280 4112 ῃ
293 4101 457 4220 imm:
477 4149 584 4218 τημτῗοτ
609 4147 800 4218 d'c'mplpocm
826 4143 905 4206 in..
926 4167 950 4220 p.
970 4149 1027 4218 U:
1051 4151 1156 4218 σημεῖον
1175 4145 1203 4202 tl
1221 4149 1326 4222 ,ὄροντο
1345 4151 1372 4204 τό

213 4259 239 4294 re
258 4235 349 4306 tropa
370 4279 397 4296 ..

303 4327 367 4398 op.
388 4327 563 4398 rar-mc
580 4325 613 4382 r.
633 4327 676 4382 w.

302 4415 322 4488 ¹)
340 4417 373 4478 cl.
392 4415 465 4479 aaa
483 4415 510 4474 ir
528 4415 643 4484 Hermae
663 4415 713 4481 vol.
732 4415 767 4472 22
785 4433 810 4502 p.
829 4417 978 4484 tto—4³2,
