3144 4826
826 309 869 381 16

264 511 397 602 poteret
418 508 453 576 in
475 505 538 576 illo·
556 505 670 576 libello
692 507 839 600 imperio,
875 512 992 580 exsilio
1015 511 1049 578 iu
1071 510 1143 579 hoc.
1188 512 1303 604 Atque
1327 521 1436 590 etiam

262 615 407 709 perspici
440 637 538 705 posse
560 613 704 701 videtur,
729 637 789 684 our
813 617 863 684 ita
885 615 1083 685 variaveritt
1107 616 1148 684 In
1173 616 1435 694 Atheniensium

262 723 429 816 Republia
463 720 699 790 conscribenda
733 723 895 792 Herodoti
928 723 1032 792 libros
1065 724 1101 791 iu
1123 725 1271 794 manibus
1297 726 1430 813 babuit,

263 833 321 900 nbi
353 831 567 900 Pisistratum
597 833 632 896 et
664 829 751 899 lilios
784 853 845 920 per
866 831 910 897 36
933 853 1037 900 annos
1072 855 1229 922 regnasse
1265 834 1429 924 traditum

261 939 430 1010 consensit
462 937 565 1026 igitur
587 960 662 1004 cnm
683 937 754 1022 hoc,
779 937 808 1003 si
829 937 906 1006 illos
930 959 1035 1007 anuos
1057 940 1182 1009 medios
1215 941 1351 1031 imperio
1372 941 1433 1010 Pi·

261 1046 390 1114 sistrati
423 1044 662 1113 adnumerabat
691 1041 884 1131 (1a÷17=
899 1041 963 1132 36).
1011 1043 1138 1114 Contra
1159 1047 1195 1114 in
1216 1047 1439 1139 politicorum

260 1153 333 1223 loco
368 1153 462 1220 nulla
495 1151 658 1220 Herodoti
691 1151 820 1218 ratione
854 1151 970 1221 habita
995 1152 1032 1219 id
1054 1153 1132 1240 egit,
1156 1157 1196 1220 nt
1217 1153 1441 1244 tyrannidem

259 1259 411 1348 fragilem
448 1281 520 1328 esse
558 1258 807 1338 demonstraret,
846 1258 959 1348 itaque
995 1259 1132 1347 pronior
1160 1258 1226 1326 init
1254 1259 1298 1329 ad
1325 1285 1440 1332 annos

261 1366 379 1435 dubios
402 1365 518 1432 exsilic
541 1365 713 1432 Pisistrati
735 1363 1009 1434 adnumerandus.

349 1491 441 1574 Quae
465 1491 494 1557 si
516 1491 637 1578 probas
672 1488 785 1576 nihil1)
815 1489 978 1580 reliquum
1005 1513 1078 1558 esse
1101 1491 1237 1559 videtur
1259 1491 1348 1581 quod
1373 1497 1440 1563 mi·

259 1599 353 1666 reris.
400 1599 487 1666 Nam
509 1597 544 1663 in
560 1619 679 1665 eonon
702 1595 919 1682 haerebimus,
944 1598 1032 1687 quod
1053 1599 1147 1666 tertii
1168 1599 1299 1687 imperii
1322 1621 1438 1671 annos

262 1707 318 1796 qui
340 1728 361 1773 a
384 1704 501 1794 quovis
523 1702 621 1771 facile
645 1704 829 1791 computari
862 1708 1004 1793 possunt
1037 1704 1256 1794 philosophus
1280 1729 1348 1773 nou
1373 1709 1437 1776 ad-

261 1812 397 1880 diderit:
430 1811 524 1879 locus
548 1811 634 1878 enim
657 1833 721 1900 quo
745 1809 865 1878 addere
888 1811 999 1901 potuit
1022 1812 1109 1900 (cap.
1133 1811 1237 1880 XVII
1258 1812 1339 1900 ino.)
1363 1815 1438 1884 iam
1558 1858 1560 1871 ·

260 1918 343 1986 satis
367 1939 576 1985 numerorum
610 1916 705 2006 copia
739 1921 896 1985 oneratus
930 1922 1005 1985 erat
1027 1922 1126 2008 atque
1149 1918 1279 1986 omniuo
1303 1941 1374 1988 non
1398 1924 1438 1992 iu

260 2025 496 2114 discipulorum
534 2047 629 2091 usum
666 2024 810 2114 scripsit,
861 2026 979 2114 quibus
1021 2026 1130 2092 omnia
1167 2025 1306 2112 diligitis
1344 2051 1436 2098 com·

259 2137 406 2220 putaret.

348 2239 474 2307 Contra
512 2263 551 2306 ea
589 2262 673 2329 quae
719 2239 962 2328 disputavimus
1004 2238 1034 2304 si
1070 2237 1182 2325 pergis
1227 2241 1438 2312 contendere

259 2347 477 2416 Aristotelem
523 2347 785 2437 computationes
828 2346 895 2412 iam
932 2345 967 2411 in
1004 2342 1203 2411 Atthidibus
1247 2343 1435 2437 invenisse,
1556 2364 1557 2370 ’

263 2461 374 2523 tamen
396 2477 458 2544 pro
482 2458 572 2521 certo
595 2453 752 2520 habemus
786 2452 1019 2542 philosophum
1043 2473 1127 2541 quae
1149 2451 1276 2518 tradita
1298 2458 1437 2546 accepit
1555 2512 1556 2556 3

256 2563 366 2650 ipsum
389 2561 565 2648 diligenter
596 2560 810 2639 examinasse,
836 2561 876 2625 ut
898 2582 971 2626 cum
994 2558 1075 2626 alibi
1097 2562 1238 2646 apparet
1260 2562 1335 2626 tum
1358 2563 1435 2652 ipse

257 2669 458 2736 testificatur
480 2667 591 2734 verbis
626 2666 791 2747 extremis,
816 2688 901 2756 quae
924 2666 964 2733 de
987 2665 1167 2732 Pisistrato
1196 2665 1357 2753 legimus:
1383 2693 1436 2739 re

257 2776 347 2844 futat
381 2776 465 2842 enim
500 2775 707 2842 narrationes
742 2775 861 2857 quibus
891 2773 1106 2840 Pisistratum
1128 2773 1163 2839 in
1186 2772 1273 2840 bello
1312 2782 1435 2846 contra

257 2885 468 2971 Megarenses
483 2887 577 2970 gesto
592 2882 765 2969 imperium
787 2881 936 2948 tenuisse
952 2884 986 2947 et
1001 2901 1022 2945 a
1037 2879 1158 2948 Solone
1181 2902 1253 2947 esse
1279 2888 1432 2951 amatum

258 2989 497 3057 fabulabantur
529 2989 591 3056 hoc
625 3011 707 3055 usus
741 2991 950 3075 argumento:
980 2985 1091 3068 οὐγὰρ
1115 2991 1257 3068 ἐνδέχεται
1281 3001 1349 3062 ταῖς
1373 2991 1431 3071 nitr-

257 3103 340 3171 κίαις,
365 3096 415 3160 dds
437 3120 480 3168 noc
502 3096 705 3179 ἀναλογίζηται
736 3093 785 3156 τὸν
820 3099 956 3172 ἐκατέρου
986 3091 1050 3174 βίον
1076 3097 1123 3154 καὶ
1148 3095 1194 3173 ἐφ’
1217 3089 1251 3156 οὗ
1275 3097 1433 3160 sulcam

258 3203 436 3291 dpxmccl).

345 3310 448 3379 Vides
471 3309 552 3377 adeo
576 3331 640 3376 non
671 3308 779 3375 omnia
812 3306 1044 3396 philosophum
1077 3311 1199 3374 temere
1234 3305 1429 3394 credidisse,
1550 3304 1553 3323 '

257 3424 296 3485 ut
318 3423 472 3486 accurate
494 3423 644 3505 tempora
663 3413 842 3503 respiciens
857 3412 954 3480 fidem
970 3435 1082 3480 eorum
1098 3435 1182 3502 quae
1203 3412 1430 3482 tradebantur

257 3525 529 3615 exploraveritss).

346 3632 412 3702 Sed
447 3633 528 3700 haec
566 3631 735 3698 hactenus.
797 3629 874 3697 Jam
911 3649 1161 3716 percenseamus
1200 3648 1285 3714 quae
1324 3626 1429 3692 habet

256 3739 460 3807 Aristoteles
477 3739 517 3805 de
532 3737 702 3806 Pisistrati
718 3735 808 3803 filiis.
846 3734 1097 3822 Expositiouem
1120 3731 1276 3821 praebuit
1290 3735 1427 3818 praeter

347 3955 366 4021 ¹)
384 3954 417 4008 In
435 3952 583 4024 depravatis
602 3950 718 4006 numeris
737 3949 858 4004 sanandis
877 3948 987 4003 facimus
1005 3963 1066 4002 cnm
1085 3946 1143 4001 edd.
1162 3944 1195 3999 K.
1218 3943 1262 3999 W.

346 4045 366 4110 ²)
385 4061 411 4113 p.
432 4043 491 4112 18,6
509 4042 543 4098 K.
561 4041 605 4094 W.

1546 4044 1550 4129 l

344 4132 368 4201 ο)
386 4132 569 4187 Narrationem
596 4131 680 4201 ipsam
707 4129 789 4183 fuisse
817 4126 939 4182 anditum
957 4127 985 4179 in
1003 4121 1154 4179 Atthidibns
1172 4119 1247 4176 nobis
1266 4133 1423 4188 persuasum
1546 4142 1548 4151 .

257 4227 310 4276 est:
330 4221 391 4276 inde
409 4235 501 4274 rursus
519 4220 551 4274 ad
570 4217 742 4273 Plutarchum
760 4215 823 4286 (Sol.
842 4232 865 4274 c.
884 4218 899 4273 1
919 4217 946 4269 et
963 4213 991 4283 8)
1019 4211 1106 4266 delata
1131 4211 1172 4265 est
1189 4209 1218 4264 et
1236 4205 1321 4261 valuit
1339 4221 1424 4276 usqne

256 4311 289 4364 ad
306 4309 415 4378 Pompei
446 4308 521 4378 arogi
551 4310 672 4377 acutam,
704 4307 778 4363 cuius
809 4305 964 4376 epitomatnr
980 4300 1100 4356 Justiuns
1119 4299 1164 4368 (Π,
1182 4297 1237 4365 al)
1256 4293 1422 4349 Pisistratum

255 4398 319 4452 iacit
337 4398 439 4468 ,ducem
457 4397 676 4454 Atheniensium.⁴
