3144 4826
811 265 854 334 20

726 361 936 368 .....-...ἢκ

251 466 340 527 αὐτοῦ
364 474 538 546 παραχρῆμα
562 463 728 538 ἀπόλλυσαι,
753 465 960 531 Aristoteles:
996 460 1148 543 Ἁρμόδιος
1170 461 1280 535 εὐθέως
1303 463 1412 528 ἐτελεύ-

252 597 353 652 epona
377 574 417 638 de
432 571 653 654 Aristogitone
677 571 897 654 Thucydides:
917 569 1133 652 Ἀριστογείτων
1148 567 1265 653 desuper
1288 573 1416 650 ληφθεὶς

252 681 286 743 οὐ
308 683 415 760 ῥᾳδίως
437 683 561 752 διετέθη,
589 678 798 744 Aristoteles:
828 676 1047 759 Ἀριστογείτων
1081 674 1201 759 ὕστερον
1234 679 1413 758 συλληφθεὶς

251 791 299 849 καὶ
322 785 411 850 πολὺν
434 783 534 868 χρόνον
558 788 692 846 αἰκισθεί
720 832 778 850 ...

341 911 405 976 Hic
419 928 546 991 quoqne
563 911 739 976 notandum
757 913 810 975 est
826 909 1038 976 Aristotelem
1055 931 1193 993 eaquae
1210 909 1416 996 Thucydides

253 1021 365 1086 multis
387 1019 579 1101 amhagibus
615 1025 648 1084 et
678 1016 934 1099 digressionibus
958 1017 1124 1084 cumulata
1147 1019 1300 1100 praebuit
1323 1035 1419 1099 quam

253 1126 444 1194 brevissime
477 1123 672 1206 reddidisse3
708 1131 741 1189 et
776 1142 889 1190 rursus
915 1130 1085 1206 comparet
1108 1124 1215 1190 odium
1238 1125 1319 1192 illud
1342 1129 1421 1190 nota

255 1239 410 1298 accurate
426 1231 638 1313 retractandi,
665 1232 749 1312 qnod
767 1231 893 1318 supra1)
911 1231 1136 1314 cognovimus:
1160 1232 1209 1298 ita
1224 1230 1422 1314 intelligitur

255 1340 411 1406 elocutio:
436 1343 538 1420 συνέβη
560 1337 694 1420 πράσσειν
718 1336 781 1416 τὴν
804 1337 908 1420 πρᾶξιν
931 1337 950 1405 i.
969 1358 996 1405 e.
1021 1338 1102 1404 illud
1124 1337 1248 1404 iactum
1273 1339 1357 1418 quod
1381 1356 1423 1404 ex

209 1501 211 1508 .
255 1446 456 1530 Thucydidis
480 1445 700 1528 descriptione
724 1463 815 1511 nemo
839 1444 988 1528 ignorat;
1022 1447 1071 1512 ita
1101 1446 1200 1511 etiam
1223 1443 1423 1528 perspicitur

255 1572 312 1618 cur
335 1553 531 1619 Aristoteles
555 1558 657 1618 totam
681 1549 903 1617 narrationem
936 1552 1030 1632 paulo
1061 1553 1289 1635 neglegentius
1312 1549 1423 1622 verbis

256 1660 314 1746 ‘op’
340 1655 381 1722 οδ
406 1679 478 1725 cnm
502 1659 768 1726 antecedentibus
800 1657 998 1742 coniungere
1033 1658 1096 1725 sibi
1129 1657 1321 1726 indulserit:
1357 1675 1423 1724 non

256 1772 327 1833 erat
366 1768 546 1835 verendum
584 1785 625 1831 ne
661 1764 731 1846 quis
769 1784 838 1831 rem
876 1765 1077 1833 notissimam
1116 1767 1158 1832 ad
1195 1765 1423 1848 Hipparchum

255 1892 320 1939 non
343 1871 492 1940 referret.

346 1998 518 2063 consentit
531 1995 704 2080 Stagirites
718 2015 789 2062 cum
804 1996 995 2081 Thucydide
1008 1997 1041 2063 in
1058 2015 1094 2062 re
1109 2003 1252 2076 narrata,
1271 1995 1426 2063 dissentit

257 2104 289 2169 in
324 2105 543 2186 descriptione
569 2103 641 2186 loci,
679 2123 740 2184 quo
776 2121 830 2170 res
866 2110 943 2170 acta
978 2109 1043 2170 est:
1084 2105 1172 2186 apud
1202 2103 1425 2186 Thucydidem

258 2211 396 2293 Hippias
421 2211 646 2292 coniuratique
670 2216 846 2278 versantur
876 2210 910 2276 in
939 2209 1100 2277 exteriore
1125 2211 1302 2304 Ceramico,
1340 2210 1426 2293 apud

259 2319 468 2384 Aristotelem
492 2317 526 2383 in
549 2337 636 2384 arce.
684 2319 714 2382 A
738 2337 818 2385 uero
842 2337 906 2383 non
937 2317 1171 2401 aberrabimus,
1208 2320 1236 2384 si
1265 2337 1336 2384 eum
1365 2318 1426 2384 hoc

251 2445 299 2491 ex
331 2425 480 2490 Atthidis
516 2424 733 2506 descriptione
768 2424 932 2506 recepisse
966 2425 1123 2506 ponimus.
1169 2425 1233 2492 Sed
1267 2426 1301 2491 in
1338 2431 1425 2492 sorte

260 2531 501 2597 coniuratorum
526 2533 759 2613 depingenda2)
794 2549 859 2597 non
883 2533 985 2599 solum
1016 2553 1036 2598 a
1061 2533 1253 2616 Thucydide
1276 2532 1424 2614 recessit,

261 2657 373 2704 verum
391 2640 488 2704 etiam
506 2637 636 2719 proprie
660 2636 821 2706 relrrtauit
836 2639 923 2706 illins
939 2642 1172 2724 narrationem,
1196 2639 1230 2704 in
1247 2659 1311 2720 qua
1327 2638 1427 2722 priori

261 2745 365 2810 aetati
390 2764 510 2811 morem
534 2744 724 2826 posterioris
749 2747 903 2829 temporis
935 2745 1135 2829 suppositum
1164 2765 1234 2812 esse
1267 2747 1328 2814 sihi
1357 2764 1426 2828 per-

263 2853 376 2918 suasit.
420 2854 471 2918 Ex
495 2870 583 2916 more
608 2871 664 2918 sno
689 2871 753 2918 non
769 2853 951 2919 nominavit
968 2859 1137 2918 auctorem
1154 2853 1345 2934 sententiae,
1371 2855 1426 2921 sed

262 2960 414 3026 universe
442 2959 568 3025 locutus
605 2959 687 3024 satis
720 2960 835 3026 habuit
858 2958 1060 3042 Thucydidis
1090 2959 1289 3026 sententiam
1313 2969 1426 3043 aperte

263 3065 460 3148 significare:
475 3065 503 3149 (d
519 3066 668 3146 λεγόμενος
682 3064 765 3148 λόγος
777 3067 827 3150 ὡς)
844 3071 859 3129 ὃ
876 3067 987 3137 Ἱππίας
1003 3066 1174 3145 σέποσσησας
1189 3065 1250 3130 ἀπὸ
1265 3077 1319 3131 τῶν
1335 3064 1428 3130 ὅπλων

262 3171 328 3244 τοὺς
357 3172 559 3251 πομπεύονσας
590 3175 724 3253 ἐφώρασε
747 3171 813 3243 τοὺς
847 3171 884 3234 σοὶ
908 3177 1058 3254 ἐγχειρίδια
1082 3171 1198 3256 ἔχοντας
1222 3193 1303 3256 quae
1326 3176 1426 3242 verba

262 3281 424 3362 idipsum
447 3278 592 3347 breviter
616 3280 876 3360 complectuntur
900 3281 985 3362 quod
1014 3281 1223 3364 Thucydides
1246 3281 1426 3369 tradidit³):

265 3385 435 3472 (ὁἹττιάο)
459 3387 660 3446 ἐκέλευσεν
683 3384 787 3456 αὐτοὺς
812 3385 897 3471 (scil.
921 3384 1004 3457 τοὺς
1027 3386 1312 3473 cappadocenae)
1336 3388 1428 3462 διιξας

264 3519 290 3554 τι
317 3496 419 3574 χοιρίον
448 3493 635 3553 ἀπελθεῖν
663 3499 692 3563 ἐς
715 3491 787 3554 αὐτὸ
811 3489 899 3554 ἄνευ
932 3503 1001 3556 τῶν
1025 3492 1148 3556 ὅπλων
1271 3497 1348 3558 ddi
1371 3508 1428 3567 τοῖς

265 3598 424 3680 ἐπικούροις
445 3597 563 3677 φράσας
585 3596 622 3659 τοὶ
640 3596 715 3660 ὅπλα
732 3599 887 3678 ὑπολαβεῖν
911 3599 1105 3682 ἐξελέγετο
1123 3599 1211 3674 εὐθὺς
1234 3599 1282 3672 οὓς
1298 3607 1428 3682 ἐπητιᾶσσ

265 3711 313 3766 καὶ
337 3704 374 3767 εὖ
397 3729 453 3776 τις
468 3710 604 3784 ηὑρέθη
624 3708 847 3786 ἐγχειρίδιον
864 3702 956 3788 ἔχων.
981 3707 1128 3773 Necnon
1146 3707 1179 3774 in
1197 3707 1343 3790 eisquae
1361 3708 1428 3774 Ari·

265 3814 399 3880 sicheles
416 3813 449 3882 vi
465 3813 603 3893 quadam
620 3810 761 3894 profert:
786 3814 819 3875 οὐ
844 3811 898 3894 γὰρ
915 3812 1044 3893 ἔπεμπον
1060 3814 1124 3876 τότε
1146 3813 1215 3893 μεθ’
1240 3811 1343 3898 ὅπλων,
1369 3817 1425 3878 ἀλλ’

265 3919 383 4003 ὕστερον
405 3930 488 3982 τοῦτο
521 3919 731 3982 κατεσκεύασεν
762 3921 776 3980 ὁ
807 3926 895 4001 δῆμος
924 3921 1025 3990 habes
1054 3922 1198 4000 refutata
1232 3921 1428 4010 Thucydidis

357 4152 376 4222 ¹)
395 4167 475 4220 supra
493 4169 517 4220 p.
538 4153 566 4222 9!
586 4153 612 4209 0.

357 4241 377 4310 λ)
396 4259 423 4310 p,
443 4241 485 4310 19,
506 4241 538 4297 15
558 4245 592 4299 Κ.
612 4241 657 4298 W.

357 4329 376 4405 ³)
395 4330 478 4386 Thuc.
496 4330 543 4402 VI,
563 4331 606 4396 58.
