<?xml version="1.0" encoding="UTF-8"?>
<!DOCTYPE html PUBLIC "-//W3C//DTD XHTML 1.0 Transitional//EN"
    "http://www.w3.org/TR/xhtml1/DTD/xhtml1-transitional.dtd">
<html xmlns="http://www.w3.org/1999/xhtml" xml:lang="en" lang="en">
 <head>
  <title>
</title>
<meta http-equiv="Content-Type" content="text/html;charset=utf-8" />
  <meta name='ocr-system' content='tesseract 3.04.00' />
  <meta name='ocr-capabilities' content='ocr_page ocr_carea ocr_par ocr_line ocrx_word'/>
</head>
<body>
  <div class='ocr_page' id='page_1' title='image "./quibusauctoribu00hellgoog_0039.png"; bbox 0 0 3144 4826; ppageno 0'>
   <div class='ocr_carea' id='block_1_1' title="bbox 829 323 871 399">
    <p class='ocr_par' dir='ltr' id='par_1_1' title="bbox 829 323 871 399">
     <span class='ocr_line' id='line_1_1' title="bbox 829 323 871 399; baseline 0 0"><span class='ocrx_word' id='word_1_1' title='bbox 829 323 871 399; x_wconf 82' lang='lat'><strong>30</strong></span> 
     </span>
    </p>
   </div>
   <div class='ocr_carea' id='block_1_2' title="bbox 261 523 1435 2548">
    <p class='ocr_par' dir='ltr' id='par_1_2' title="bbox 261 523 1435 2548">
     <span class='ocr_line' id='line_1_2' title="bbox 269 523 1433 615; baseline 0.003 -25"><span class='ocrx_word' id='word_1_2' title='bbox 269 534 299 590; x_wconf 78' lang='grc' dir='ltr'><strong>ιν</strong></span> <span class='ocrx_word' id='word_1_3' title='bbox 332 537 396 601; x_wconf 65' lang='lat' dir='ltr'><strong>carc</strong></span> <span class='ocrx_word' id='word_1_4' title='bbox 426 526 590 609; x_wconf 72' lang='grc' dir='ltr'>δυνάμεσιν,</span> <span class='ocrx_word' id='word_1_5' title='bbox 629 528 744 611; x_wconf 90' lang='lat' dir='ltr'><strong>quibus</strong></span> <span class='ocrx_word' id='word_1_6' title='bbox 779 533 1012 615; x_wconf 85' lang='lat' dir='ltr'><strong>grammaticus</strong></span> <span class='ocrx_word' id='word_1_7' title='bbox 1047 523 1199 599; x_wconf 87' lang='lat' dir='ltr'><strong>adiunxit</strong></span> <span class='ocrx_word' id='word_1_8' title='bbox 1233 527 1352 601; x_wconf 88' lang='lat' dir='ltr'><strong>verba:</strong></span> <span class='ocrx_word' id='word_1_9' title='bbox 1389 525 1433 596; x_wconf 78' lang='grc' dir='ltr'><strong>ιιι</strong></span> 
     </span>
     <span class='ocr_line' id='line_1_3' title="bbox 262 634 1432 723; baseline 0.009 -26"><span class='ocrx_word' id='word_1_10' title='bbox 262 634 431 718; x_wconf 70' lang='grc' dir='ltr'><strong><em>δημαγωγὸς</em></strong></span> <span class='ocrx_word' id='word_1_11' title='bbox 463 634 500 699; x_wconf 76' lang='grc' dir='ltr'><strong>ὢν</strong></span> <span class='ocrx_word' id='word_1_12' title='bbox 535 639 583 698; x_wconf 79' lang='grc' dir='ltr'><strong>καὶ</strong></span> <span class='ocrx_word' id='word_1_13' title='bbox 618 635 778 720; x_wconf 74' lang='grc' dir='ltr'><strong><em>στρατηγὸς</em></strong></span> <span class='ocrx_word' id='word_1_14' title='bbox 811 635 1016 721; x_wconf 69' lang='grc' dir='ltr'><strong>ἐτυράννησεν,</strong></span> <span class='ocrx_word' id='word_1_15' title='bbox 1056 639 1287 723; x_wconf 85' lang='lat' dir='ltr'><strong>philosophus:</strong></span> <span class='ocrx_word' id='word_1_16' title='bbox 1327 639 1343 701; x_wconf 87' lang='grc' dir='ltr'>ὁ</span> <span class='ocrx_word' id='word_1_17' title='bbox 1377 636 1432 721; x_wconf 76' lang='grc' dir='ltr'><strong>γὰρ</strong></span> 
     </span>
     <span class='ocr_line' id='line_1_4' title="bbox 262 741 1432 830; baseline 0.009 -27"><span class='ocrx_word' id='word_1_18' title='bbox 262 747 478 826; x_wconf 80' lang='grc' dir='ltr'>Πεισίστρατος</span> <span class='ocrx_word' id='word_1_19' title='bbox 501 741 668 827; x_wconf 76' lang='grc' dir='ltr'><strong><em>δημαγωγὸς</em></strong></span> <span class='ocrx_word' id='word_1_20' title='bbox 691 748 739 806; x_wconf 82' lang='grc' dir='ltr'><strong>καὶ</strong></span> <span class='ocrx_word' id='word_1_21' title='bbox 763 742 924 828; x_wconf 72' lang='grc' dir='ltr'><strong>στρατηγὸς</strong></span> <span class='ocrx_word' id='word_1_22' title='bbox 951 743 988 808; x_wconf 79' lang='grc' dir='ltr'><strong>ὢν</strong></span> <span class='ocrx_word' id='word_1_23' title='bbox 1010 744 1148 826; x_wconf 74' lang='grc' dir='ltr'><strong><em>τύραννος</em></strong></span> <span class='ocrx_word' id='word_1_24' title='bbox 1171 751 1301 830; x_wconf 77' lang='grc' dir='ltr'><strong><em>κατέστη</em></strong></span> <span class='ocrx_word' id='word_1_25' title='bbox 1332 755 1432 828; x_wconf 84' lang='lat' dir='ltr'><strong>atque</strong></span> 
     </span>
     <span class='ocr_line' id='line_1_5' title="bbox 264 850 1432 935; baseline 0.004 -20"><span class='ocrx_word' id='word_1_26' title='bbox 264 850 320 918; x_wconf 92' lang='lat' dir='ltr'><strong>ille</strong></span> <span class='ocrx_word' id='word_1_27' title='bbox 347 851 509 934; x_wconf 87' lang='lat' dir='ltr'><strong>quidem</strong></span> <span class='ocrx_word' id='word_1_28' title='bbox 499 856 591 934; x_wconf 89' lang='lat' dir='ltr'><strong>mept</strong></span> <span class='ocrx_word' id='word_1_29' title='bbox 577 851 698 935; x_wconf 83' lang='lat' dir='ltr'><strong>thiae,</strong></span> <span class='ocrx_word' id='word_1_30' title='bbox 721 853 805 920; x_wconf 90' lang='lat' dir='ltr'><strong>hene</strong></span> <span class='ocrx_word' id='word_1_31' title='bbox 828 871 868 920; x_wconf 91' lang='lat' dir='ltr'><strong>ac</strong></span> <span class='ocrx_word' id='word_1_32' title='bbox 891 853 982 920; x_wconf 88' lang='lat' dir='ltr'><strong>scite.</strong></span> <span class='ocrx_word' id='word_1_33' title='bbox 955 851 1159 920; x_wconf 84' lang='grc' dir='ltr'>ιΑιιιιοι</span> <span class='ocrx_word' id='word_1_34' title='bbox 1145 854 1228 922; x_wconf 86' lang='grc' dir='ltr'>ιιιιι</span> <span class='ocrx_word' id='word_1_35' title='bbox 1252 852 1336 921; x_wconf 89' lang='lat' dir='ltr'><strong>enim</strong></span> <span class='ocrx_word' id='word_1_36' title='bbox 1360 871 1432 920; x_wconf 90' lang='lat' dir='ltr'><strong>con-</strong></span> 
     </span>
     <span class='ocr_line' id='line_1_6' title="bbox 262 959 1434 1048; baseline 0.003 -24"><span class='ocrx_word' id='word_1_37' title='bbox 262 959 368 1026; x_wconf 88' lang='lat' dir='ltr'><strong>tendit</strong></span> <span class='ocrx_word' id='word_1_38' title='bbox 386 959 587 1028; x_wconf 81' lang='lat' dir='ltr'><strong>Clisthenem</strong></span> <span class='ocrx_word' id='word_1_39' title='bbox 604 979 796 1048; x_wconf 88' lang='lat' dir='ltr'><strong>quamquam</strong></span> <span class='ocrx_word' id='word_1_40' title='bbox 812 961 919 1044; x_wconf 83' lang='lat' dir='ltr'><strong>legem</strong></span> <span class='ocrx_word' id='word_1_41' title='bbox 933 960 1089 1030; x_wconf 87' lang='lat' dir='ltr'><strong>universa</strong></span> <span class='ocrx_word' id='word_1_42' title='bbox 1107 961 1237 1028; x_wconf 89' lang='lat' dir='ltr'><strong>ratione</strong></span> <span class='ocrx_word' id='word_1_43' title='bbox 1250 959 1373 1044; x_wconf 88' lang='lat' dir='ltr'><strong>tulerit,</strong></span> <span class='ocrx_word' id='word_1_44' title='bbox 1397 964 1434 1028; x_wconf 89' lang='lat' dir='ltr'><strong>ut</strong></span> 
     </span>
     <span class='ocr_line' id='line_1_7' title="bbox 265 1065 1435 1156; baseline -0.003 -23"><span class='ocrx_word' id='word_1_45' title='bbox 265 1066 299 1134; x_wconf 86' lang='lat' dir='ltr'><strong>in</strong></span> <span class='ocrx_word' id='word_1_46' title='bbox 324 1068 473 1135; x_wconf 82' lang='lat' dir='ltr'>exsilium</span> <span class='ocrx_word' id='word_1_47' title='bbox 489 1067 700 1136; x_wconf 71' lang='lat' dir='ltr'><strong>mitterentur</strong></span> <span class='ocrx_word' id='word_1_48' title='bbox 724 1075 761 1156; x_wconf 52' lang='lat' dir='ltr'><strong>‘oc‘</strong></span> <span class='ocrx_word' id='word_1_49' title='bbox 783 1073 812 1130; x_wconf 76' lang='grc' dir='ltr'><strong>ἐν</strong></span> <span class='ocrx_word' id='word_1_50' title='bbox 834 1081 898 1140; x_wconf 75' lang='grc' dir='ltr'><strong><em>ταῖς</em></strong></span> <span class='ocrx_word' id='word_1_51' title='bbox 921 1065 1092 1149; x_wconf 72' lang='grc' dir='ltr'>δυνάμεσιν,</span> <span class='ocrx_word' id='word_1_52' title='bbox 1117 1089 1197 1152; x_wconf 85' lang='lat' dir='ltr'><strong>quos</strong></span> <span class='ocrx_word' id='word_1_53' title='bbox 1221 1069 1271 1136; x_wconf 84' lang='lat' dir='ltr'><strong>rei</strong></span> <span class='ocrx_word' id='word_1_54' title='bbox 1287 1067 1435 1153; x_wconf 80' lang='lat' dir='ltr'><strong>publicae</strong></span> 
     </span>
     <span class='ocr_line' id='line_1_8' title="bbox 263 1173 1434 1263; baseline 0 -23"><span class='ocrx_word' id='word_1_55' title='bbox 263 1174 463 1258; x_wconf 91' lang='lat' dir='ltr'><strong>perniciosos</strong></span> <span class='ocrx_word' id='word_1_56' title='bbox 488 1193 560 1263; x_wconf 86' lang='lat' dir='ltr'><strong>esse</strong></span> <span class='ocrx_word' id='word_1_57' title='bbox 583 1173 753 1242; x_wconf 80' lang='lat' dir='ltr'><strong>Pisistrati</strong></span> <span class='ocrx_word' id='word_1_58' title='bbox 777 1177 909 1243; x_wconf 90' lang='lat' dir='ltr'><strong>doceret</strong></span> <span class='ocrx_word' id='word_1_59' title='bbox 932 1176 1123 1261; x_wconf 86' lang='lat' dir='ltr'><strong>exemplum,</strong></span> <span class='ocrx_word' id='word_1_60' title='bbox 1158 1180 1272 1242; x_wconf 90' lang='lat' dir='ltr'><strong>tamen</strong></span> <span class='ocrx_word' id='word_1_61' title='bbox 1294 1195 1331 1242; x_wconf 92' lang='lat' dir='ltr'><strong>re</strong></span> <span class='ocrx_word' id='word_1_62' title='bbox 1353 1193 1434 1243; x_wconf 89' lang='lat' dir='ltr'><strong>vera</strong></span> 
     </span>
     <span class='ocr_line' id='line_1_9' title="bbox 262 1279 1434 1366; baseline -0.001 -18"><span class='ocrx_word' id='word_1_63' title='bbox 262 1282 297 1348; x_wconf 93' lang='lat' dir='ltr'><strong>id</strong></span> <span class='ocrx_word' id='word_1_64' title='bbox 320 1283 495 1366; x_wconf 81' lang='lat' dir='ltr'><strong>studuisse,</strong></span> <span class='ocrx_word' id='word_1_65' title='bbox 529 1287 567 1349; x_wconf 93' lang='lat' dir='ltr'><strong>ut</strong></span> <span class='ocrx_word' id='word_1_66' title='bbox 597 1286 811 1365; x_wconf 88' lang='lat' dir='ltr'><strong>tyrannorum</strong></span> <span class='ocrx_word' id='word_1_67' title='bbox 836 1287 1016 1350; x_wconf 79' lang='lat' dir='ltr'><strong>sectatores</strong></span> <span class='ocrx_word' id='word_1_68' title='bbox 1039 1287 1138 1364; x_wconf 89' lang='lat' dir='ltr'><strong>atque</strong></span> <span class='ocrx_word' id='word_1_69' title='bbox 1160 1281 1194 1349; x_wconf 93' lang='lat' dir='ltr'><strong>in</strong></span> <span class='ocrx_word' id='word_1_70' title='bbox 1218 1281 1332 1366; x_wconf 89' lang='lat' dir='ltr'><strong>primis</strong></span> <span class='ocrx_word' id='word_1_71' title='bbox 1355 1279 1434 1364; x_wconf 91' lang='lat' dir='ltr'><strong>Hip-</strong></span> 
     </span>
     <span class='ocr_line' id='line_1_10' title="bbox 261 1387 1433 1478; baseline -0.003 -22"><span class='ocrx_word' id='word_1_72' title='bbox 261 1391 418 1473; x_wconf 90' lang='lat' dir='ltr'><strong>parchum</strong></span> <span class='ocrx_word' id='word_1_73' title='bbox 435 1388 567 1457; x_wconf 73' lang='lat' dir='ltr'><strong>charmi</strong></span> <span class='ocrx_word' id='word_1_74' title='bbox 583 1387 606 1456; x_wconf 85' lang='lat' dir='ltr'><strong>f.</strong></span> <span class='ocrx_word' id='word_1_75' title='bbox 632 1389 850 1478; x_wconf 80' lang='lat' dir='ltr'><strong>expelleret).</strong></span> <span class='ocrx_word' id='word_1_76' title='bbox 886 1391 940 1457; x_wconf 87' lang='lat' dir='ltr'><strong>lta</strong></span> <span class='ocrx_word' id='word_1_77' title='bbox 956 1391 1065 1458; x_wconf 90' lang='lat' dir='ltr'><strong>omnia</strong></span> <span class='ocrx_word' id='word_1_78' title='bbox 1088 1392 1172 1457; x_wconf 88' lang='lat' dir='ltr'><strong>bene</strong></span> <span class='ocrx_word' id='word_1_79' title='bbox 1187 1389 1433 1473; x_wconf 81' lang='lat' dir='ltr'><strong>intelliguntur:</strong></span> 
     </span>
     <span class='ocr_line' id='line_1_11' title="bbox 262 1493 1434 1583; baseline -0.007 -17"><span class='ocrx_word' id='word_1_80' title='bbox 262 1498 459 1568; x_wconf 82' lang='lat' dir='ltr'><strong>universalis</strong></span> <span class='ocrx_word' id='word_1_81' title='bbox 482 1497 567 1565; x_wconf 85' lang='lat' dir='ltr'><strong>ellim</strong></span> <span class='ocrx_word' id='word_1_82' title='bbox 585 1496 724 1564; x_wconf 77' lang='lat' dir='ltr'><strong>elocutio</strong></span> <span class='ocrx_word' id='word_1_83' title='bbox 750 1495 804 1583; x_wconf 40' lang='lat' dir='ltr'><strong>‘aad</strong></span> <span class='ocrx_word' id='word_1_84' title='bbox 826 1494 877 1578; x_wconf 78' lang='grc' dir='ltr'><strong>τὴν</strong></span> <span class='ocrx_word' id='word_1_85' title='bbox 902 1503 1034 1579; x_wconf 77' lang='grc' dir='ltr'><strong><em>ὑποψίαν</em></strong></span> <span class='ocrx_word' id='word_1_86' title='bbox 1056 1507 1112 1562; x_wconf 82' lang='grc' dir='ltr'><strong>τῶν</strong></span> <span class='ocrx_word' id='word_1_87' title='bbox 1134 1503 1163 1560; x_wconf 72' lang='grc' dir='ltr'><strong>ἐν</strong></span> <span class='ocrx_word' id='word_1_88' title='bbox 1185 1509 1250 1568; x_wconf 80' lang='grc' dir='ltr'><strong><em>ταῖς</em></strong></span> <span class='ocrx_word' id='word_1_89' title='bbox 1273 1493 1434 1575; x_wconf 76' lang='grc' dir='ltr'>δονάμισιν’</span> 
     </span>
     <span class='ocr_line' id='line_1_12' title="bbox 264 1601 1435 1687; baseline -0.008 -14"><span class='ocrx_word' id='word_1_90' title='bbox 264 1605 382 1673; x_wconf 78' lang='lat' dir='ltr'><strong>nititur</strong></span> <span class='ocrx_word' id='word_1_91' title='bbox 405 1604 517 1676; x_wconf 82' lang='lat' dir='ltr'><strong>Verbis</strong></span> <span class='ocrx_word' id='word_1_92' title='bbox 550 1603 779 1687; x_wconf 77' lang='lat' dir='ltr'><strong>sequentibus:</strong></span> <span class='ocrx_word' id='word_1_93' title='bbox 814 1609 830 1667; x_wconf 82' lang='grc' dir='ltr'>ὁ</span> <span class='ocrx_word' id='word_1_94' title='bbox 866 1603 921 1686; x_wconf 76' lang='grc' dir='ltr'><strong>γὰρ</strong></span> <span class='ocrx_word' id='word_1_95' title='bbox 945 1608 1159 1687; x_wconf 79' lang='grc' dir='ltr'>Πεισίστρατος</span> <span class='ocrx_word' id='word_1_96' title='bbox 1192 1601 1363 1687; x_wconf 74' lang='grc' dir='ltr'><strong><em>δημαγωγὸς</em></strong></span> <span class='ocrx_word' id='word_1_97' title='bbox 1385 1606 1435 1665; x_wconf 84' lang='grc' dir='ltr'><strong>καὶ</strong></span> 
     </span>
     <span class='ocr_line' id='line_1_13' title="bbox 266 1707 1434 1799; baseline 0.002 -25"><span class='ocrx_word' id='word_1_98' title='bbox 266 1711 424 1796; x_wconf 76' lang='grc' dir='ltr'><strong><em>στρατηγὸς</em></strong></span> <span class='ocrx_word' id='word_1_99' title='bbox 447 1710 484 1776; x_wconf 72' lang='grc' dir='ltr'><strong>ὢν</strong></span> <span class='ocrx_word' id='word_1_100' title='bbox 507 1711 538 1799; x_wconf 88' lang='lat' dir='ltr'><strong>(i.</strong></span> <span class='ocrx_word' id='word_1_101' title='bbox 567 1731 593 1779; x_wconf 90' lang='lat' dir='ltr'><strong>e.</strong></span> <span class='ocrx_word' id='word_1_102' title='bbox 618 1718 647 1774; x_wconf 77' lang='grc' dir='ltr'><strong>ἐν</strong></span> <span class='ocrx_word' id='word_1_103' title='bbox 669 1723 734 1784; x_wconf 72' lang='grc' dir='ltr'><strong><em>ταῖς</em></strong></span> <span class='ocrx_word' id='word_1_104' title='bbox 756 1709 908 1790; x_wconf 78' lang='grc' dir='ltr'>δυνάμεσιν</span> <span class='ocrx_word' id='word_1_105' title='bbox 930 1707 981 1796; x_wconf 77' lang='lat' dir='ltr'><strong>oio)</strong></span> <span class='ocrx_word' id='word_1_106' title='bbox 1017 1711 1154 1794; x_wconf 78' lang='grc' dir='ltr'><strong><em>τύραννος</em></strong></span> <span class='ocrx_word' id='word_1_107' title='bbox 1181 1715 1313 1795; x_wconf 74' lang='grc' dir='ltr'><strong>κατέστη,</strong></span> <span class='ocrx_word' id='word_1_108' title='bbox 1352 1728 1434 1793; x_wconf 83' lang='lat' dir='ltr'><strong>quae</strong></span> 
     </span>
     <span class='ocr_line' id='line_1_14' title="bbox 263 1817 1434 1903; baseline -0.006 -12"><span class='ocrx_word' id='word_1_109' title='bbox 263 1821 366 1891; x_wconf 87' lang='lat' dir='ltr'><strong>verba</strong></span> <span class='ocrx_word' id='word_1_110' title='bbox 383 1821 470 1903; x_wconf 90' lang='lat' dir='ltr'><strong>apud</strong></span> <span class='ocrx_word' id='word_1_111' title='bbox 491 1820 758 1903; x_wconf 84' lang='lat' dir='ltr'><strong>lexicographum</strong></span> <span class='ocrx_word' id='word_1_112' title='bbox 780 1838 838 1886; x_wconf 90' lang='lat' dir='ltr'><strong>sua</strong></span> <span class='ocrx_word' id='word_1_113' title='bbox 854 1825 969 1886; x_wconf 89' lang='lat' dir='ltr'><strong>carent</strong></span> <span class='ocrx_word' id='word_1_114' title='bbox 983 1819 1017 1888; x_wconf 86' lang='lat' dir='ltr'><strong>vi</strong></span> <span class='ocrx_word' id='word_1_115' title='bbox 1033 1839 1070 1887; x_wconf 90' lang='lat' dir='ltr'><strong>ac</strong></span> <span class='ocrx_word' id='word_1_116' title='bbox 1094 1817 1233 1886; x_wconf 92' lang='lat' dir='ltr'><strong>ratione.</strong></span> <span class='ocrx_word' id='word_1_117' title='bbox 1270 1819 1434 1885; x_wconf 88' lang='lat' dir='ltr'><strong>Ponamus</strong></span> 
     </span>
     <span class='ocr_line' id='line_1_15' title="bbox 261 1925 1434 2012; baseline -0.001 -19"><span class='ocrx_word' id='word_1_118' title='bbox 261 1928 362 2012; x_wconf 84' lang='lat' dir='ltr'><strong>igitur</strong></span> <span class='ocrx_word' id='word_1_119' title='bbox 386 1947 520 1996; x_wconf 89' lang='lat' dir='ltr'><strong>necesse</strong></span> <span class='ocrx_word' id='word_1_120' title='bbox 544 1938 596 1994; x_wconf 88' lang='lat' dir='ltr'><strong>est</strong></span> <span class='ocrx_word' id='word_1_121' title='bbox 611 1927 906 2010; x_wconf 89' lang='lat' dir='ltr'><strong>Harpocratiouem</strong></span> <span class='ocrx_word' id='word_1_122' title='bbox 922 1927 992 1996; x_wconf 88' lang='lat' dir='ltr'><strong>sive</strong></span> <span class='ocrx_word' id='word_1_123' title='bbox 1015 1926 1118 2010; x_wconf 86' lang='lat' dir='ltr'><strong>ipsius</strong></span> <span class='ocrx_word' id='word_1_124' title='bbox 1141 1931 1307 1994; x_wconf 80' lang='lat' dir='ltr'><strong>auctorem</strong></span> <span class='ocrx_word' id='word_1_125' title='bbox 1333 1925 1434 2008; x_wconf 89' lang='lat' dir='ltr'><strong>pleni-</strong></span> 
     </span>
     <span class='ocr_line' id='line_1_16' title="bbox 262 2032 1434 2119; baseline -0.002 -17"><span class='ocrx_word' id='word_1_126' title='bbox 262 2053 351 2102; x_wconf 91' lang='lat' dir='ltr'><strong>orem</strong></span> <span class='ocrx_word' id='word_1_127' title='bbox 376 2034 609 2119; x_wconf 84' lang='lat' dir='ltr'><strong>expositionem</strong></span> <span class='ocrx_word' id='word_1_128' title='bbox 627 2033 802 2101; x_wconf 86' lang='lat' dir='ltr'><strong>Aristoteli</strong></span> <span class='ocrx_word' id='word_1_129' title='bbox 824 2053 958 2118; x_wconf 87' lang='lat' dir='ltr'><strong>prorsus</strong></span> <span class='ocrx_word' id='word_1_130' title='bbox 982 2032 1177 2100; x_wconf 85' lang='lat' dir='ltr'><strong>simillimam</strong></span> <span class='ocrx_word' id='word_1_131' title='bbox 1201 2035 1289 2116; x_wconf 92' lang='lat' dir='ltr'><strong>apud</strong></span> <span class='ocrx_word' id='word_1_132' title='bbox 1305 2033 1434 2100; x_wconf 91' lang='lat' dir='ltr'><strong>Andro·</strong></span> 
     </span>
     <span class='ocr_line' id='line_1_17' title="bbox 262 2139 1435 2226; baseline -0.001 -18"><span class='ocrx_word' id='word_1_133' title='bbox 262 2143 381 2211; x_wconf 88' lang='lat' dir='ltr'><strong>tionem</strong></span> <span class='ocrx_word' id='word_1_134' title='bbox 399 2141 586 2226; x_wconf 85' lang='lat' dir='ltr'><strong>repperisse</strong></span> <span class='ocrx_word' id='word_1_135' title='bbox 603 2147 637 2210; x_wconf 89' lang='lat' dir='ltr'><strong>et</strong></span> <span class='ocrx_word' id='word_1_136' title='bbox 652 2147 776 2208; x_wconf 88' lang='lat' dir='ltr'><strong>temere</strong></span> <span class='ocrx_word' id='word_1_137' title='bbox 799 2141 847 2208; x_wconf 91' lang='lat' dir='ltr'><strong>ita</strong></span> <span class='ocrx_word' id='word_1_138' title='bbox 870 2140 965 2214; x_wconf 90' lang='lat' dir='ltr'><strong>unius</strong></span> <span class='ocrx_word' id='word_1_139' title='bbox 983 2139 1139 2207; x_wconf 86' lang='lat' dir='ltr'><strong>orationis</strong></span> <span class='ocrx_word' id='word_1_140' title='bbox 1156 2140 1288 2207; x_wconf 92' lang='lat' dir='ltr'><strong>vinculo</strong></span> <span class='ocrx_word' id='word_1_141' title='bbox 1314 2140 1435 2208; x_wconf 90' lang='lat' dir='ltr'><strong>astrin-</strong></span> 
     </span>
     <span class='ocr_line' id='line_1_18' title="bbox 261 2245 1435 2334; baseline -0.002 -19"><span class='ocrx_word' id='word_1_142' title='bbox 261 2250 357 2334; x_wconf 85' lang='lat' dir='ltr'><strong>xisse,</strong></span> <span class='ocrx_word' id='word_1_143' title='bbox 383 2257 419 2317; x_wconf 91' lang='grc' dir='ltr'><strong>ιιι</strong></span> <span class='ocrx_word' id='word_1_144' title='bbox 433 2249 580 2333; x_wconf 83' lang='lat' dir='ltr'><strong>legimus.</strong></span> <span class='ocrx_word' id='word_1_145' title='bbox 611 2249 705 2334; x_wconf 79' lang='lat' dir='ltr'><strong>Quod</strong></span> <span class='ocrx_word' id='word_1_146' title='bbox 722 2249 856 2316; x_wconf 87' lang='lat' dir='ltr'><strong>sirecte</strong></span> <span class='ocrx_word' id='word_1_147' title='bbox 874 2247 1039 2331; x_wconf 85' lang='lat' dir='ltr'><strong>sentimus,</strong></span> <span class='ocrx_word' id='word_1_148' title='bbox 1064 2252 1202 2330; x_wconf 86' lang='lat' dir='ltr'><strong>apparet</strong></span> <span class='ocrx_word' id='word_1_149' title='bbox 1218 2245 1435 2316; x_wconf 86' lang='lat' dir='ltr'><strong>Aristotelem</strong></span> 
     </span>
     <span class='ocr_line' id='line_1_19' title="bbox 262 2352 1434 2437; baseline 0 -15"><span class='ocrx_word' id='word_1_150' title='bbox 262 2376 325 2424; x_wconf 91' lang='grc' dir='ltr'>ιιοιι</span> <span class='ocrx_word' id='word_1_151' title='bbox 348 2357 451 2424; x_wconf 88' lang='lat' dir='ltr'><strong>solum</strong></span> <span class='ocrx_word' id='word_1_152' title='bbox 473 2356 508 2423; x_wconf 92' lang='lat' dir='ltr'><strong>in</strong></span> <span class='ocrx_word' id='word_1_153' title='bbox 531 2377 567 2425; x_wconf 90' lang='lat' dir='ltr'><strong>re</strong></span> <span class='ocrx_word' id='word_1_154' title='bbox 590 2357 758 2423; x_wconf 87' lang='lat' dir='ltr'><strong>narranda</strong></span> <span class='ocrx_word' id='word_1_155' title='bbox 782 2357 840 2424; x_wconf 89' lang='lat' dir='ltr'><strong>sed</strong></span> <span class='ocrx_word' id='word_1_156' title='bbox 864 2355 963 2421; x_wconf 89' lang='lat' dir='ltr'><strong>etiam</strong></span> <span class='ocrx_word' id='word_1_157' title='bbox 998 2353 1032 2420; x_wconf 93' lang='lat' dir='ltr'><strong>in</strong></span> <span class='ocrx_word' id='word_1_158' title='bbox 1062 2353 1146 2437; x_wconf 84' lang='lat' dir='ltr'><strong>legis</strong></span> <span class='ocrx_word' id='word_1_159' title='bbox 1171 2352 1306 2421; x_wconf 91' lang='lat' dir='ltr'><strong>consilio</strong></span> <span class='ocrx_word' id='word_1_160' title='bbox 1331 2356 1434 2422; x_wconf 91' lang='lat' dir='ltr'><strong>inter-</strong></span> 
     </span>
     <span class='ocr_line' id='line_1_20' title="bbox 264 2460 996 2548; baseline -0.003 -19"><span class='ocrx_word' id='word_1_161' title='bbox 264 2465 425 2546; x_wconf 87' lang='lat' dir='ltr'><strong>pretando</strong></span> <span class='ocrx_word' id='word_1_162' title='bbox 450 2465 684 2530; x_wconf 89' lang='lat' dir='ltr'><strong>Androtionem</strong></span> <span class='ocrx_word' id='word_1_163' title='bbox 710 2481 782 2530; x_wconf 89' lang='lat' dir='ltr'><strong>esse</strong></span> <span class='ocrx_word' id='word_1_164' title='bbox 807 2460 996 2548; x_wconf 79' lang='lat' dir='ltr'><strong>secutum2).</strong></span> 
     </span>
    </p>
   </div>
   <div class='ocr_carea' id='block_1_3' title="bbox 263 2586 1438 3102">
    <p class='ocr_par' dir='ltr' id='par_1_3' title="bbox 263 2586 1438 3102">
     <span class='ocr_line' id='line_1_21' title="bbox 349 2586 1436 2670; baseline -0.002 -13"><span class='ocrx_word' id='word_1_165' title='bbox 349 2592 401 2657; x_wconf 84' lang='lat' dir='ltr'><strong>Ex</strong></span> <span class='ocrx_word' id='word_1_166' title='bbox 424 2588 613 2656; x_wconf 88' lang='lat' dir='ltr'><strong>Atthidibus</strong></span> <span class='ocrx_word' id='word_1_167' title='bbox 637 2587 784 2669; x_wconf 84' lang='lat' dir='ltr'><strong>reliquae</strong></span> <span class='ocrx_word' id='word_1_168' title='bbox 808 2605 936 2670; x_wconf 88' lang='lat' dir='ltr'><strong>quoque</strong></span> <span class='ocrx_word' id='word_1_169' title='bbox 959 2605 1013 2654; x_wconf 88' lang='lat' dir='ltr'><strong>res</strong></span> <span class='ocrx_word' id='word_1_170' title='bbox 1037 2605 1121 2668; x_wconf 85' lang='lat' dir='ltr'><strong>quae</strong></span> <span class='ocrx_word' id='word_1_171' title='bbox 1144 2586 1206 2652; x_wconf 90' lang='lat' dir='ltr'><strong>hoc</strong></span> <span class='ocrx_word' id='word_1_172' title='bbox 1230 2586 1337 2669; x_wconf 87' lang='lat' dir='ltr'><strong>capite</strong></span> <span class='ocrx_word' id='word_1_173' title='bbox 1363 2607 1436 2655; x_wconf 91' lang='lat' dir='ltr'><strong>con-</strong></span> 
     </span>
     <span class='ocr_line' id='line_1_22' title="bbox 263 2693 1437 2780; baseline -0.001 -17.987"><span class='ocrx_word' id='word_1_174' title='bbox 263 2695 370 2764; x_wconf 88' lang='lat' dir='ltr'><strong>tinent</strong></span> <span class='ocrx_word' id='word_1_175' title='bbox 372 2717 411 2764; x_wconf 87' lang='lat' dir='ltr'><strong>ur</strong></span> <span class='ocrx_word' id='word_1_176' title='bbox 444 2696 617 2780; x_wconf 87' lang='lat' dir='ltr'><strong>fluxerunt,</strong></span> <span class='ocrx_word' id='word_1_177' title='bbox 653 2696 746 2765; x_wconf 86' lang='lat' dir='ltr'><strong>velut</strong></span> <span class='ocrx_word' id='word_1_178' title='bbox 732 2701 894 2764; x_wconf 90' lang='lat' dir='ltr'><strong>tnarrat</strong></span> <span class='ocrx_word' id='word_1_179' title='bbox 895 2698 926 2762; x_wconf 98' lang='grc' dir='ltr'><strong>ιο</strong></span> <span class='ocrx_word' id='word_1_180' title='bbox 880 2695 1001 2763; x_wconf 91' lang='lat' dir='ltr'><strong>tde</strong></span> <span class='ocrx_word' id='word_1_181' title='bbox 1025 2693 1243 2761; x_wconf 79' lang='lat' dir='ltr'><strong>Themistocle</strong></span> <span class='ocrx_word' id='word_1_182' title='bbox 1278 2695 1370 2764; x_wconf 83' lang='lat' dir='ltr'><strong>cives</strong></span> <span class='ocrx_word' id='word_1_183' title='bbox 1394 2696 1437 2762; x_wconf 90' lang='lat' dir='ltr'><strong>ad</strong></span> 
     </span>
     <span class='ocr_line' id='line_1_23' title="bbox 264 2799 1437 2886; baseline -0.002 -16"><span class='ocrx_word' id='word_1_184' title='bbox 264 2823 365 2873; x_wconf 86' lang='lat' dir='ltr'><strong>naves</strong></span> <span class='ocrx_word' id='word_1_185' title='bbox 390 2803 611 2871; x_wconf 89' lang='lat' dir='ltr'><strong>aedificandas</strong></span> <span class='ocrx_word' id='word_1_186' title='bbox 636 2802 844 2886; x_wconf 90' lang='lat' dir='ltr'><strong>impulsante.</strong></span> <span class='ocrx_word' id='word_1_187' title='bbox 890 2804 975 2870; x_wconf 90' lang='lat' dir='ltr'><strong>Nam</strong></span> <span class='ocrx_word' id='word_1_188' title='bbox 1004 2819 1087 2883; x_wconf 87' lang='lat' dir='ltr'><strong>quae</strong></span> <span class='ocrx_word' id='word_1_189' title='bbox 1111 2799 1259 2867; x_wconf 89' lang='lat' dir='ltr'><strong>Herodot</strong></span> <span class='ocrx_word' id='word_1_190' title='bbox 1246 2808 1299 2867; x_wconf 91' lang='lat' dir='ltr'><strong>tus</strong></span> <span class='ocrx_word' id='word_1_191' title='bbox 1331 2803 1437 2868; x_wconf 89' lang='lat' dir='ltr'><strong>deca</strong></span> 
     </span>
     <span class='ocr_line' id='line_1_24' title="bbox 264 2907 1438 2998; baseline -0.003 -21"><span class='ocrx_word' id='word_1_192' title='bbox 264 2919 338 2980; x_wconf 89' lang='lat' dir='ltr'><strong>ret</strong></span> <span class='ocrx_word' id='word_1_193' title='bbox 323 2910 461 2980; x_wconf 83' lang='lat' dir='ltr'><strong>tradidit</strong></span> <span class='ocrx_word' id='word_1_194' title='bbox 448 2910 754 2998; x_wconf 81' lang='lat' dir='ltr'><strong>t³)mult&#39;tmodis1s</strong></span> <span class='ocrx_word' id='word_1_195' title='bbox 789 2911 922 2979; x_wconf 90' lang='lat' dir='ltr'><strong>diversa</strong></span> <span class='ocrx_word' id='word_1_196' title='bbox 946 2918 1030 2991; x_wconf 88' lang='lat' dir='ltr'><strong>sunt,</strong></span> <span class='ocrx_word' id='word_1_197' title='bbox 1067 2907 1345 2994; x_wconf 74' lang='lat' dir='ltr'><strong>etThucydideS,</strong></span> <span class='ocrx_word' id='word_1_198' title='bbox 1382 2908 1438 2991; x_wconf 87' lang='lat' dir='ltr'><strong>qui</strong></span> 
     </span>
     <span class='ocr_line' id='line_1_25' title="bbox 263 3013 1437 3102; baseline -0.003 -16"><span class='ocrx_word' id='word_1_199' title='bbox 263 3020 331 3086; x_wconf 89' lang='lat' dir='ltr'><strong>obit</strong></span> <span class='ocrx_word' id='word_1_200' title='bbox 317 3027 369 3087; x_wconf 89' lang='lat' dir='ltr'><strong>ter</strong></span> <span class='ocrx_word' id='word_1_201' title='bbox 392 3024 465 3085; x_wconf 90' lang='lat' dir='ltr'><strong>tant</strong></span> <span class='ocrx_word' id='word_1_202' title='bbox 452 3018 698 3086; x_wconf 89' lang='lat' dir='ltr'><strong>tummodorem</strong></span> <span class='ocrx_word' id='word_1_203' title='bbox 722 3017 842 3102; x_wconf 88' lang='lat' dir='ltr'><strong>tetigit,</strong></span> <span class='ocrx_word' id='word_1_204' title='bbox 867 3035 940 3083; x_wconf 90' lang='lat' dir='ltr'><strong>eum</strong></span> <span class='ocrx_word' id='word_1_205' title='bbox 964 3020 1056 3082; x_wconf 89' lang='lat' dir='ltr'><strong>secut</strong></span> <span class='ocrx_word' id='word_1_206' title='bbox 1058 3033 1096 3082; x_wconf 91' lang='lat' dir='ltr'><strong>us</strong></span> <span class='ocrx_word' id='word_1_207' title='bbox 1113 3023 1164 3082; x_wconf 90' lang='lat' dir='ltr'><strong>est</strong></span> <span class='ocrx_word' id='word_1_208' title='bbox 1169 3013 1205 3102; x_wconf 93' lang='lat'><strong>⁴.)</strong></span> <span class='ocrx_word' id='word_1_209' title='bbox 1241 3015 1339 3083; x_wconf 87' lang='lat' dir='ltr'><strong>Sedt</strong></span> <span class='ocrx_word' id='word_1_210' title='bbox 1324 3021 1437 3083; x_wconf 85' lang='lat' dir='ltr'><strong>tamen</strong></span> 
     </span>
    </p>
   </div>
   <div class='ocr_carea' id='block_1_4' title="bbox 263 3244 1439 4486">
    <p class='ocr_par' dir='ltr' id='par_1_4' title="bbox 266 3244 1436 3410">
     <span class='ocr_line' id='line_1_26' title="bbox 355 3244 1436 3324; baseline 0 -19"><span class='ocrx_word' id='word_1_211' title='bbox 355 3252 375 3324; x_wconf 88' lang='lat'><strong>¹)</strong></span> <span class='ocrx_word' id='word_1_212' title='bbox 394 3267 420 3322; x_wconf 87' lang='lat' dir='ltr'><strong>p.</strong></span> <span class='ocrx_word' id='word_1_213' title='bbox 439 3253 482 3322; x_wconf 81' lang='lat'><strong>24,</strong></span> <span class='ocrx_word' id='word_1_214' title='bbox 511 3252 557 3309; x_wconf 83' lang='lat' dir='ltr'><strong>ie:</strong></span> <span class='ocrx_word' id='word_1_215' title='bbox 586 3247 619 3304; x_wconf 78' lang='grc' dir='ltr'><strong>δι’</strong></span> <span class='ocrx_word' id='word_1_216' title='bbox 653 3244 683 3303; x_wconf 73' lang='grc' dir='ltr'><strong>ὃν</strong></span> <span class='ocrx_word' id='word_1_217' title='bbox 709 3254 755 3302; x_wconf 74' lang='lat' dir='ltr'><strong>sal</strong></span> <span class='ocrx_word' id='word_1_218' title='bbox 779 3247 894 3318; x_wconf 79' lang='grc' dir='ltr'>μάλιστα</span> <span class='ocrx_word' id='word_1_219' title='bbox 919 3249 965 3302; x_wconf 82' lang='grc' dir='ltr'><strong>τὸν</strong></span> <span class='ocrx_word' id='word_1_220' title='bbox 991 3246 1073 3318; x_wconf 86' lang='grc' dir='ltr'><strong><em>νόμον</em></strong></span> <span class='ocrx_word' id='word_1_221' title='bbox 1101 3248 1197 3317; x_wconf 76' lang='grc' dir='ltr'><strong><em>ἔθηκεν</em></strong></span> <span class='ocrx_word' id='word_1_222' title='bbox 1221 3247 1236 3302; x_wconf 79' lang='grc' dir='ltr'><strong>ὁ</strong></span> <span class='ocrx_word' id='word_1_223' title='bbox 1262 3246 1436 3314; x_wconf 71' lang='grc' dir='ltr'>Κλεισθένης,</span> 
     </span>
     <span class='ocr_line' id='line_1_27' title="bbox 266 3337 663 3410; baseline 0 -16"><span class='ocrx_word' id='word_1_224' title='bbox 266 3338 385 3404; x_wconf 74' lang='grc' dir='ltr'>ἐξελάσαι</span> <span class='ocrx_word' id='word_1_225' title='bbox 403 3337 559 3410; x_wconf 76' lang='grc' dir='ltr'>βουλόμενοι</span> <span class='ocrx_word' id='word_1_226' title='bbox 578 3338 663 3394; x_wconf 71' lang='grc' dir='ltr'><strong><em>αὐτόν.</em></strong></span> 
     </span>
    </p>

    <p class='ocr_par' dir='ltr' id='par_1_5' title="bbox 263 3427 1439 4289">
     <span class='ocr_line' id='line_1_28' title="bbox 354 3427 1437 3501; baseline -0.002 -17"><span class='ocrx_word' id='word_1_227' title='bbox 354 3431 374 3501; x_wconf 77' lang='lat'><strong>²)</strong></span> <span class='ocrx_word' id='word_1_228' title='bbox 393 3430 516 3485; x_wconf 86' lang='lat' dir='ltr'><strong>Ceterum</strong></span> <span class='ocrx_word' id='word_1_229' title='bbox 535 3431 679 3484; x_wconf 86' lang='lat' dir='ltr'><strong>notandum</strong></span> <span class='ocrx_word' id='word_1_230' title='bbox 698 3432 739 3484; x_wconf 89' lang='lat' dir='ltr'><strong>est</strong></span> <span class='ocrx_word' id='word_1_231' title='bbox 751 3429 810 3484; x_wconf 86' lang='lat' dir='ltr'><strong>illas</strong></span> <span class='ocrx_word' id='word_1_232' title='bbox 829 3429 861 3482; x_wconf 93' lang='lat' dir='ltr'><strong>de</strong></span> <span class='ocrx_word' id='word_1_233' title='bbox 880 3428 1019 3497; x_wconf 84' lang='lat' dir='ltr'><strong>tyrannide</strong></span> <span class='ocrx_word' id='word_1_234' title='bbox 1038 3431 1066 3483; x_wconf 87' lang='lat' dir='ltr'><strong>et</strong></span> <span class='ocrx_word' id='word_1_235' title='bbox 1084 3429 1212 3483; x_wconf 80' lang='lat' dir='ltr'><strong>testarum</strong></span> <span class='ocrx_word' id='word_1_236' title='bbox 1230 3427 1355 3497; x_wconf 82' lang='lat' dir='ltr'><strong>suffragio</strong></span> <span class='ocrx_word' id='word_1_237' title='bbox 1374 3443 1437 3483; x_wconf 89' lang='lat' dir='ltr'><strong>sen·</strong></span> 
     </span>
     <span class='ocr_line' id='line_1_29' title="bbox 267 3510 1439 3589; baseline -0.001 -16"><span class='ocrx_word' id='word_1_238' title='bbox 267 3521 363 3574; x_wconf 75' lang='lat' dir='ltr'><strong>tentiae</strong></span> <span class='ocrx_word' id='word_1_239' title='bbox 388 3520 466 3574; x_wconf 82' lang='lat' dir='ltr'><strong>etianl</strong></span> <span class='ocrx_word' id='word_1_240' title='bbox 491 3519 517 3571; x_wconf 89' lang='lat' dir='ltr'><strong>iu</strong></span> <span class='ocrx_word' id='word_1_241' title='bbox 536 3518 613 3573; x_wconf 86' lang='lat' dir='ltr'><strong>Polit.</strong></span> <span class='ocrx_word' id='word_1_242' title='bbox 640 3519 709 3576; x_wconf 78' lang='lat'>1305</span> <span class='ocrx_word' id='word_1_243' title='bbox 728 3535 744 3572; x_wconf 81' lang='lat' dir='ltr'><strong>a</strong></span> <span class='ocrx_word' id='word_1_244' title='bbox 764 3520 780 3575; x_wconf 81' lang='lat'><strong>7</strong></span> <span class='ocrx_word' id='word_1_245' title='bbox 805 3515 858 3586; x_wconf 78' lang='grc' dir='ltr'>(ἐπὶ</span> <span class='ocrx_word' id='word_1_246' title='bbox 876 3513 905 3569; x_wconf 73' lang='grc' dir='ltr'><strong>δὲ</strong></span> <span class='ocrx_word' id='word_1_247' title='bbox 922 3516 975 3570; x_wconf 80' lang='grc' dir='ltr'><strong>τῶν</strong></span> <span class='ocrx_word' id='word_1_248' title='bbox 993 3515 1116 3589; x_wconf 76' lang='grc' dir='ltr'><strong>ἀρχαίων,</strong></span> <span class='ocrx_word' id='word_1_249' title='bbox 1140 3510 1182 3569; x_wconf 72' lang='grc' dir='ltr'><strong>ὅτε</strong></span> <span class='ocrx_word' id='word_1_250' title='bbox 1199 3516 1299 3586; x_wconf 71' lang='grc' dir='ltr'>γένοιτο</span> <span class='ocrx_word' id='word_1_251' title='bbox 1326 3515 1341 3568; x_wconf 82' lang='grc' dir='ltr'><strong><em>ὃ</em></strong></span> <span class='ocrx_word' id='word_1_252' title='bbox 1361 3515 1439 3573; x_wconf 68' lang='grc' dir='ltr'><strong><em>αὐτὸς</em></strong></span> 
     </span>
     <span class='ocr_line' id='line_1_30' title="bbox 263 3601 1439 3678; baseline 0.001 -18"><span class='ocrx_word' id='word_1_253' title='bbox 263 3604 471 3678; x_wconf 77' lang='grc' dir='ltr'><strong><em>δημαγωγὸς</em></strong></span> <span class='ocrx_word' id='word_1_254' title='bbox 489 3612 545 3660; x_wconf 82' lang='grc' dir='ltr'><strong>καὶ</strong></span> <span class='ocrx_word' id='word_1_255' title='bbox 569 3601 765 3678; x_wconf 75' lang='grc' dir='ltr'><strong>στρατηγός,</strong></span> <span class='ocrx_word' id='word_1_256' title='bbox 794 3601 830 3662; x_wconf 80' lang='grc' dir='ltr'><strong>εἷς</strong></span> <span class='ocrx_word' id='word_1_257' title='bbox 854 3603 995 3677; x_wconf 75' lang='grc' dir='ltr'><strong><em>τυραννίδα</em></strong></span> <span class='ocrx_word' id='word_1_258' title='bbox 1021 3603 1190 3676; x_wconf 78' lang='grc' dir='ltr'><strong><em>μετέβαλλον)</em></strong></span> <span class='ocrx_word' id='word_1_259' title='bbox 1218 3608 1245 3661; x_wconf 89' lang='lat' dir='ltr'><strong>et</strong></span> <span class='ocrx_word' id='word_1_260' title='bbox 1273 3605 1342 3664; x_wconf 82' lang='lat'>1284</span> <span class='ocrx_word' id='word_1_261' title='bbox 1367 3607 1439 3661; x_wconf 81' lang='lat' dir='ltr'><strong>a20</strong></span> 
     </span>
     <span class='ocr_line' id='line_1_31' title="bbox 266 3689 1438 3769; baseline 0.001 -20"><span class='ocrx_word' id='word_1_262' title='bbox 266 3697 333 3769; x_wconf 76' lang='lat' dir='ltr'><strong>(cois</strong></span> <span class='ocrx_word' id='word_1_263' title='bbox 352 3694 490 3753; x_wconf 73' lang='grc' dir='ltr'><strong><em>δοκοῦντας</em></strong></span> <span class='ocrx_word' id='word_1_264' title='bbox 508 3697 638 3769; x_wconf 74' lang='grc' dir='ltr'>ὑπερέχειν</span> <span class='ocrx_word' id='word_1_265' title='bbox 657 3689 801 3765; x_wconf 61' lang='lat' dir='ltr'><strong>(iordane</strong></span> <span class='ocrx_word' id='word_1_266' title='bbox 820 3738 825 3750; x_wconf 94' lang='lat'><em>.</em></span> <span class='ocrx_word' id='word_1_267' title='bbox 842 3739 868 3753; x_wconf 86' lang='grc'><strong>..</strong></span> <span class='ocrx_word' id='word_1_268' title='bbox 888 3693 1060 3768; x_wconf 78' lang='grc' dir='ltr'>ὠστράκιζον)</span> <span class='ocrx_word' id='word_1_269' title='bbox 1075 3697 1173 3751; x_wconf 86' lang='lat' dir='ltr'><strong>eisdem</strong></span> <span class='ocrx_word' id='word_1_270' title='bbox 1192 3695 1280 3750; x_wconf 86' lang='lat' dir='ltr'><strong>verbis</strong></span> <span class='ocrx_word' id='word_1_271' title='bbox 1295 3711 1438 3765; x_wconf 81' lang='lat' dir='ltr'><strong>expressas</strong></span> 
     </span>
     <span class='ocr_line' id='line_1_32' title="bbox 271 3786 1439 3858; baseline -0.002 -18"><span class='ocrx_word' id='word_1_272' title='bbox 271 3789 395 3842; x_wconf 82' lang='lat' dir='ltr'><strong>universa</strong></span> <span class='ocrx_word' id='word_1_273' title='bbox 414 3788 439 3840; x_wconf 92' lang='lat' dir='ltr'><strong>vi</strong></span> <span class='ocrx_word' id='word_1_274' title='bbox 458 3787 567 3856; x_wconf 83' lang='lat' dir='ltr'><strong>proferri</strong></span> <span class='ocrx_word' id='word_1_275' title='bbox 577 3811 583 3858; x_wconf 78' lang='lat'>3</span> <span class='ocrx_word' id='word_1_276' title='bbox 602 3787 627 3840; x_wconf 94' lang='lat' dir='ltr'><strong>id</strong></span> <span class='ocrx_word' id='word_1_277' title='bbox 646 3788 715 3856; x_wconf 85' lang='lat' dir='ltr'><strong>quod</strong></span> <span class='ocrx_word' id='word_1_278' title='bbox 735 3787 923 3841; x_wconf 84' lang='lat' dir='ltr'><strong>dubitationem</strong></span> <span class='ocrx_word' id='word_1_279' title='bbox 935 3789 1025 3841; x_wconf 89' lang='lat' dir='ltr'><strong>movet</strong></span> <span class='ocrx_word' id='word_1_280' title='bbox 1042 3787 1075 3841; x_wconf 93' lang='lat' dir='ltr'><strong>de</strong></span> <span class='ocrx_word' id='word_1_281' title='bbox 1089 3788 1238 3855; x_wconf 89' lang='lat' dir='ltr'><strong>temporum</strong></span> <span class='ocrx_word' id='word_1_282' title='bbox 1255 3786 1364 3854; x_wconf 81' lang='lat' dir='ltr'><strong>ratione,</strong></span> <span class='ocrx_word' id='word_1_283' title='bbox 1384 3801 1439 3854; x_wconf 83' lang='lat' dir='ltr'><strong>qua</strong></span> 
     </span>
     <span class='ocr_line' id='line_1_33' title="bbox 264 3873 1438 3946; baseline -0.003 -17"><span class='ocrx_word' id='word_1_284' title='bbox 264 3878 347 3946; x_wconf 88' lang='lat' dir='ltr'><strong>primo</strong></span> <span class='ocrx_word' id='word_1_285' title='bbox 371 3875 540 3931; x_wconf 86' lang='lat' dir='ltr'><strong>Politieorum</strong></span> <span class='ocrx_word' id='word_1_286' title='bbox 568 3875 648 3930; x_wconf 91' lang='lat' dir='ltr'><strong>libros</strong></span> <span class='ocrx_word' id='word_1_287' title='bbox 677 3877 772 3930; x_wconf 87' lang='lat' dir='ltr'><strong>deinde</strong></span> <span class='ocrx_word' id='word_1_288' title='bbox 797 3875 965 3930; x_wconf 89' lang='lat' dir='ltr'><strong>Androtionis</strong></span> <span class='ocrx_word' id='word_1_289' title='bbox 995 3875 1129 3930; x_wconf 79' lang='lat' dir='ltr'><strong>Atthidem</strong></span> <span class='ocrx_word' id='word_1_290' title='bbox 1155 3877 1212 3928; x_wconf 89' lang='lat' dir='ltr'><strong>tum</strong></span> <span class='ocrx_word' id='word_1_291' title='bbox 1235 3873 1438 3944; x_wconf 85' lang='lat' dir='ltr'><strong>Rempublioam</strong></span> 
     </span>
     <span class='ocr_line' id='line_1_34' title="bbox 264 3961 1437 4035; baseline -0.005 -16"><span class='ocrx_word' id='word_1_292' title='bbox 264 3965 464 4020; x_wconf 85' lang='lat' dir='ltr'><strong>Atheniensium</strong></span> <span class='ocrx_word' id='word_1_293' title='bbox 485 3965 510 4018; x_wconf 90' lang='lat' dir='ltr'><strong>in</strong></span> <span class='ocrx_word' id='word_1_294' title='bbox 530 3963 615 4020; x_wconf 86' lang='lat' dir='ltr'><strong>lucem</strong></span> <span class='ocrx_word' id='word_1_295' title='bbox 637 3965 763 4035; x_wconf 84' lang='lat' dir='ltr'><strong>prodiisse</strong></span> <span class='ocrx_word' id='word_1_296' title='bbox 788 3965 880 4018; x_wconf 84' lang='lat' dir='ltr'><strong>statuit</strong></span> <span class='ocrx_word' id='word_1_297' title='bbox 893 3961 996 4018; x_wconf 86' lang='lat' dir='ltr'><strong>Keilius</strong></span> <span class='ocrx_word' id='word_1_298' title='bbox 1015 3966 1053 4015; x_wconf 81' lang='lat' dir='ltr'><strong>die</strong></span> <span class='ocrx_word' id='word_1_299' title='bbox 1072 3967 1152 4018; x_wconf 87' lang='lat' dir='ltr'><strong>Solon.</strong></span> <span class='ocrx_word' id='word_1_300' title='bbox 1177 3965 1284 4030; x_wconf 84' lang='lat' dir='ltr'><strong>Verfass.</strong></span> <span class='ocrx_word' id='word_1_301' title='bbox 1302 3966 1330 4013; x_wconf 84' lang='lat' dir='ltr'><strong>in</strong></span> <span class='ocrx_word' id='word_1_302' title='bbox 1348 3963 1437 4014; x_wconf 67' lang='lat' dir='ltr'><strong>Arist!</strong></span> 
     </span>
     <span class='ocr_line' id='line_1_35' title="bbox 267 4051 1439 4125; baseline -0.002 -19"><span class='ocrx_word' id='word_1_303' title='bbox 267 4057 379 4122; x_wconf 73' lang='lat' dir='ltr'><strong>Versass.</strong></span> <span class='ocrx_word' id='word_1_304' title='bbox 395 4058 474 4124; x_wconf 66' lang='grc' dir='ltr'>μαι.</span> <span class='ocrx_word' id='word_1_305' title='bbox 493 4059 586 4106; x_wconf 71' lang='lat' dir='ltr'><strong>Athon</strong></span> <span class='ocrx_word' id='word_1_306' title='bbox 604 4055 691 4110; x_wconf 83' lang='lat' dir='ltr'><strong>Burol.</strong></span> <span class='ocrx_word' id='word_1_307' title='bbox 713 4055 781 4111; x_wconf 74' lang='lat'>1892</span> <span class='ocrx_word' id='word_1_308' title='bbox 801 4072 827 4124; x_wconf 95' lang='lat' dir='ltr'><strong>p.</strong></span> <span class='ocrx_word' id='word_1_309' title='bbox 848 4055 936 4125; x_wconf 67' lang='lat' dir='ltr'><strong>lille.</strong></span> <span class='ocrx_word' id='word_1_310' title='bbox 961 4054 1020 4108; x_wconf 83' lang='lat'>193.</span> <span class='ocrx_word' id='word_1_311' title='bbox 1051 4052 1078 4107; x_wconf 86' lang='lat' dir='ltr'><strong>Si</strong></span> <span class='ocrx_word' id='word_1_312' title='bbox 1097 4055 1186 4107; x_wconf 85' lang='lat' dir='ltr'><strong>tamen</strong></span> <span class='ocrx_word' id='word_1_313' title='bbox 1208 4053 1248 4106; x_wconf 90' lang='lat' dir='ltr'><strong>vir</strong></span> <span class='ocrx_word' id='word_1_314' title='bbox 1266 4053 1357 4106; x_wconf 89' lang='lat' dir='ltr'><strong>doctus</strong></span> <span class='ocrx_word' id='word_1_315' title='bbox 1377 4051 1439 4106; x_wconf 89' lang='lat' dir='ltr'><strong>Ari·</strong></span> 
     </span>
     <span class='ocr_line' id='line_1_36' title="bbox 263 4140 1439 4212; baseline -0.003 -16"><span class='ocrx_word' id='word_1_316' title='bbox 263 4143 384 4198; x_wconf 88' lang='lat' dir='ltr'><strong>stotelem</strong></span> <span class='ocrx_word' id='word_1_317' title='bbox 403 4144 435 4198; x_wconf 87' lang='lat' dir='ltr'><strong>ab</strong></span> <span class='ocrx_word' id='word_1_318' title='bbox 454 4145 616 4200; x_wconf 87' lang='lat' dir='ltr'><strong>Androtione</strong></span> <span class='ocrx_word' id='word_1_319' title='bbox 636 4146 716 4200; x_wconf 83' lang='lat' dir='ltr'><strong>verba</strong></span> <span class='ocrx_word' id='word_1_320' title='bbox 735 4144 779 4198; x_wconf 87' lang='lat' dir='ltr'><strong>illa</strong></span> <span class='ocrx_word' id='word_1_321' title='bbox 798 4146 947 4198; x_wconf 79' lang='lat' dir='ltr'><strong>nrutuatum</strong></span> <span class='ocrx_word' id='word_1_322' title='bbox 967 4158 1025 4197; x_wconf 86' lang='lat' dir='ltr'><strong>esse</strong></span> <span class='ocrx_word' id='word_1_323' title='bbox 1044 4142 1163 4197; x_wconf 82' lang='lat' dir='ltr'><strong>defendit</strong></span> <span class='ocrx_word' id='word_1_324' title='bbox 1182 4141 1209 4212; x_wconf 86' lang='lat' dir='ltr'><strong>(l.</strong></span> <span class='ocrx_word' id='word_1_325' title='bbox 1230 4140 1247 4194; x_wconf 94' lang='lat' dir='ltr'><strong>l.</strong></span> <span class='ocrx_word' id='word_1_326' title='bbox 1261 4159 1287 4210; x_wconf 91' lang='lat' dir='ltr'><strong>p.</strong></span> <span class='ocrx_word' id='word_1_327' title='bbox 1309 4141 1369 4212; x_wconf 87' lang='grc'><strong>190)</strong></span> <span class='ocrx_word' id='word_1_328' title='bbox 1388 4156 1439 4194; x_wconf 90' lang='lat' dir='ltr'><strong>sua</strong></span> 
     </span>
     <span class='ocr_line' id='line_1_37' title="bbox 264 4233 464 4289; baseline -0.015 -1"><span class='ocrx_word' id='word_1_329' title='bbox 264 4233 350 4289; x_wconf 81' lang='lat' dir='ltr'><strong>caedit</strong></span> <span class='ocrx_word' id='word_1_330' title='bbox 367 4233 464 4288; x_wconf 81' lang='lat' dir='ltr'><strong>vineta.</strong></span> 
     </span>
    </p>

    <p class='ocr_par' dir='ltr' id='par_1_6' title="bbox 355 4321 613 4391">
     <span class='ocr_line' id='line_1_38' title="bbox 355 4321 613 4391; baseline 0.019 -16"><span class='ocrx_word' id='word_1_331' title='bbox 355 4321 374 4391; x_wconf 82' lang='lat'><strong>⁸)</strong></span> <span class='ocrx_word' id='word_1_332' title='bbox 393 4322 457 4376; x_wconf 84' lang='lat' dir='ltr'><strong>Hdt.</strong></span> <span class='ocrx_word' id='word_1_333' title='bbox 477 4323 532 4380; x_wconf 84' lang='lat' dir='ltr'><strong>VII</strong></span> <span class='ocrx_word' id='word_1_334' title='bbox 552 4325 613 4380; x_wconf 75' lang='lat'>144.</span> 
     </span>
    </p>

    <p class='ocr_par' dir='ltr' id='par_1_7' title="bbox 351 4411 620 4486">
     <span class='ocr_line' id='line_1_39' title="bbox 351 4411 620 4486; baseline 0 -18"><span class='ocrx_word' id='word_1_335' title='bbox 351 4411 372 4486; x_wconf 87' lang='lat'><strong>⁴)</strong></span> <span class='ocrx_word' id='word_1_336' title='bbox 392 4411 465 4468; x_wconf 81' lang='lat' dir='ltr'><strong>Thuc</strong></span> <span class='ocrx_word' id='word_1_337' title='bbox 493 4411 620 4486; x_wconf 80' lang='lat' dir='ltr'><strong>1,1l‚2.</strong></span> 
     </span>
    </p>
   </div>
   <div class='ocr_carea' id='block_1_5' title="bbox 0 0 1577 4826">
    <p class='ocr_par' dir='ltr' id='par_1_8' title="bbox 0 0 1577 4826">
     <span class='ocr_line' id='line_1_40' title="bbox 0 0 1577 4826; baseline 0 0"><span class='ocrx_word' id='word_1_338' title='bbox 0 0 1577 4826; x_wconf 95' lang='lat' dir='ltr'><strong> </strong></span> 
     </span>
    </p>
   </div>
  </div>
 </body>
</html>
